% Encoding: UTF-8

@article{Alipanahi2015Predicting, title = {Predicting the sequence specificities of DNA- and RNA-binding proteins by deep learning}, volume = {33}, url = {http://dx.doi.org/10.1038/nbt.3300}, DOI = {10.1038/nbt.3300}, number = {8}, journal = {Nature Biotechnology}, publisher = {Springer Science and Business Media LLC}, author = {Alipanahi, Babak and Delong, Andrew and Weirauch, Matthew T and Frey , Brendan J}, year = {2015}, month = {Jul}, pages = {831–838}}
@article{Angermueller2017DeepCpG, title = {DeepCpG: accurate prediction of single-cell DNA methylation states using deep learning}, volume = {18}, url = {http://dx.doi.org/10.1186/s13059-017-1189-z}, DOI = {10.1186/s13059-017-1189-z}, number = {1}, journal = {Genome Biology}, publisher = {Springer Science and Business Media LLC}, author = {Angermueller, Christof and Lee, Heather J. and Reik, Wolf and Stegle , Oliver}, year = {2017}, month = {Apr}}
@article{Ashburner2000Gene, title = {Gene Ontology: tool for the unification of biology}, volume = {25}, url = {http://dx.doi.org/10.1038/75556}, DOI = {10.1038/75556}, number = {1}, journal = {Nature Genetics}, publisher = {Springer Science and Business Media LLC}, author = {Ashburner, Michael and Ball, Catherine A. and Blake, Judith A. and Botstein, David and Butler, Heather and Cherry, J. Michael and Davis, Allan P. and Dolinski, Kara and Dwight, Selina S. and Eppig, Janan T. and et al.}, year = {2000}, month = {May}, pages = {25–29}}
@article{Author2004Finishing, author = {International Human Genome Sequencing Consortium}, journal = {Nature}, title = {Finishing the euchromatic sequence of the human genome}, year = {2004}, month = {Oct}, number = {7011}, pages = {931–945}, volume = {431}, doi = {10.1038/nature03001}, publisher = {Springer Science and Business Media LLC}, url = {http://dx.doi.org/10.1038/nature03001}}
@article{Genome2012An, author = {1000 Genomes Project Consortium}, journal = {Nature}, title = {An integrated map of genetic variation from 1,092 human genomes}, year = {2012}, month = {Oct}, number = {7422}, pages = {56–65}, volume = {491}, doi = {10.1038/nature11632}, publisher = {Springer Science and Business Media LLC}, url = {http://dx.doi.org/10.1038/nature11632}}
@article{Author2020Genomewide, title = {Genomewide Association Study of Severe Covid-19 with Respiratory Failure}, volume = {383}, url = {http://dx.doi.org/10.1056/NEJMoa2020283}, DOI = {10.1056/nejmoa2020283}, number = {16}, journal = {New England Journal of Medicine}, publisher = {Massachusetts Medical Society}, year = {2020}, month = {Oct}, pages = {1522–1534}}
@article{Avsec2021Base, title = {Base-resolution models of transcription-factor binding reveal soft motif syntax}, volume = {53}, url = {http://dx.doi.org/10.1038/s41588-021-00782-6}, DOI = {10.1038/s41588-021-00782-6}, number = {3}, journal = {Nature Genetics}, publisher = {Springer Science and Business Media LLC}, author = {Avsec, Žiga and Weilert, Melanie and Shrikumar, Avanti and Krueger, Sabrina and Alexandari, Amr and Dalal, Khyati and Fropf, Robin and McAnany, Charles and Gagneur, Julien and Kundaje, Anshul and et al.}, year = {2021}, month = {Feb}, pages = {354–366}}
@article{Aznaourova2021Single, title = {Single cell RNA-seq uncovers the nuclear decoy lincRNA PIRAT as a regulator of systemic monocyte immunity during COVID-19}, url = {http://dx.doi.org/10.1101/2021.11.05.467458}, DOI = {10.1101/2021.11.05.467458}, publisher = {Cold Spring Harbor Laboratory}, author = {Aznaourova, Marina and Schmerer, Nils and Janga, Harshavardhan and Zhang, Zhenhua and Pauck, Kim and Hoppe, Judith and Volkers, Sarah M and Wendisch, Daniel and Georg, Philipp and Gündisch, Margrit and et al.}, journal = {bioRxiv}, year = {2021}, month = {Nov}}
@article{Bachmann2019Determinants, title = {Determinants of HIV-1 reservoir size and long-term dynamics during suppressive ART}, volume = {10}, url = {http://dx.doi.org/10.1038/s41467-019-10884-9}, DOI = {10.1038/s41467-019-10884-9}, number = {1}, journal = {Nature Communications}, publisher = {Springer Science and Business Media LLC}, author = {Bachmann, Nadine and von Siebenthal, Chantal and Vongrad, Valentina and Turk, Teja and Neumann, Kathrin and Beerenwinkel, Niko and Bogojeska, Jasmina and Fellay, Jaques and Roth, Volker and et al.}, year = {2019}, month = {Jul}}
@article{Boycott2013Rare, title = {Rare-disease genetics in the era of next-generation sequencing: discovery to translation}, volume = {14}, url = {http://dx.doi.org/10.1038/nrg3555}, DOI = {10.1038/nrg3555}, number = {10}, journal = {Nature Reviews Genetics}, publisher = {Springer Science and Business Media LLC}, author = {Boycott, Kym M. and Vanstone, Megan R. and Bulman, Dennis E. and MacKenzie, Alex E.}, year = {2013}, month = {Sep}, pages = {681–691}}
@article{Brelot2018CCR5, title = {CCR5 Revisited: How Mechanisms of HIV Entry Govern AIDS Pathogenesis}, volume = {430}, url = {http://dx.doi.org/10.1016/j.jmb.2018.06.027}, DOI = {10.1016/j.jmb.2018.06.027}, number = {17}, journal = {Journal of Molecular Biology}, publisher = {Elsevier BV}, author = {Brelot, Anne and Chakrabarti, Lisa A.}, year = {2018}, month = {Aug}, pages = {2557–2589}}
@article{Buenrostro2015ATAC, title = {ATAC‐seq: A Method for Assaying Chromatin Accessibility Genome‐Wide}, volume = {109}, url = {http://dx.doi.org/10.1002/0471142727.mb2129s109}, DOI = {10.1002/0471142727.mb2129s109}, number = {1}, journal = {Current Protocols in Molecular Biology}, publisher = {Wiley}, author = {Buenrostro, Jason D. and Wu, Beijing and Chang, Howard Y. and Greenleaf, William J.}, year = {2015}, month = {Jan}}
@article{Buniello2018The, title = {The NHGRI-EBI GWAS Catalog of published genome-wide association studies, targeted arrays and summary statistics 2019}, volume = {47}, url = {http://dx.doi.org/10.1093/nar/gky1120}, DOI = {10.1093/nar/gky1120}, number = {D1}, journal = {Nucleic Acids Research}, publisher = {Oxford University Press (OUP)}, author = {Buniello, Annalisa and MacArthur, Jacqueline A L and Cerezo, Maria and Harris, Laura W and Hayhurst, James and Malangone, Cinzia and McMahon, Aoife and Morales, Joannella and Mountjoy, Edward and Sollis , Elliot and et al.}, year = {2018}, month = {Nov}, pages = {D1005–D1012}}
@article{Buzon2014Long, title = {Long-Term Antiretroviral Treatment Initiated at Primary HIV-1 Infection Affects the Size, Composition, and Decay Kinetics of the Reservoir of HIV-1-Infected CD4 T Cells}, volume = {88}, url = {http://dx.doi.org/10.1128/JVI.01046-14}, DOI = {10.1128/jvi.01046-14}, number = {17}, journal = {Journal of Virology}, publisher = {American Society for Microbiology}, author = {Buzon, M. J. and Martin-Gayo, E. and Pereyra, F. and Ouyang, Z. and Sun, H. and Li, J. Z. and Piovoso, M. and Shaw, A. and Dalmau, J. and Zangger, N. and et al.}, year = {2014}, month = {Jun}, pages = {10056–10065}}
@article{Cai2020Single, title = {Single-cell transcriptomics of blood reveals a natural killer cell subset depletion in tuberculosis}, volume = {53}, url = {http://dx.doi.org/10.1016/j.ebiom.2020.102686}, DOI = {10.1016/j.ebiom.2020.102686}, journal = {EBioMedicine}, publisher = {Elsevier BV}, author = {Cai, Yi and Dai, Youchao and Wang, Yejun and Yang, Qianqing and Guo, Jiubiao and Wei, Cailing and Chen, Weixin and Huang, Huanping and Zhu , Jialou and Zhang, Chi and et al.}, year = {2020}, month = {Mar}, pages = {102686}}
@article{Carbon2020The, title = {The Gene Ontology resource: enriching a GOld mine}, volume = {49}, url = {http://dx.doi.org/10.1093/nar/gkaa1113}, DOI = {10.1093/nar/gkaa1113}, number = {D1}, journal = {Nucleic Acids Research}, publisher = {Oxford University Press (OUP)}, author = {Carbon, Seth and Douglass, Eric and Good, Benjamin M and Unni, Deepak R and Harris, Nomi L and Mungall, Christopher J and Basu, Siddartha and Chisholm, Rex L and Dodson, Robert J and et al.}, year = {2020}, month = {Dec}, pages = {D325–D334}}
@article{Carter2020The, title = {The epigenetic basis of cellular heterogeneity}, volume = {22}, url = {http://dx.doi.org/10.1038/s41576-020-00300-0}, DOI = {10.1038/s41576-020-00300-0}, number = {4}, journal = {Nature Reviews Genetics}, publisher = {Springer Science and Business Media LLC}, author = {Carter, Benjamin and Zhao, Keji}, year = {2020}, month = {Nov}, pages = {235–250}}
@article{Castel2020A, title = {A vast resource of allelic expression data spanning human tissues}, volume = {21}, url = {http://dx.doi.org/10.1186/s13059-020-02122-z}, DOI = {10.1186/s13059-020-02122-z}, number = {1}, journal = {Genome Biology}, publisher = {Springer Science and Business Media LLC}, author = {Castel, Stephane E. and Aguet, François and Mohammadi, Pejman and Aguet, François and Anand, Shankara and Ardlie, Kristin G. and Gabriel, Stacey and Getz, Gad A. and Graubert, Aaron and Hadley, Kane and et al.}, year = {2020}, month = {Sep}}
@article{Cañestro2007Evolutionary, title = {Evolutionary developmental biology and genomics}, volume = {8}, url = {http://dx.doi.org/10.1038/nrg2226}, DOI = {10.1038/nrg2226}, number = {12}, journal = {Nature Reviews Genetics}, publisher = {Springer Science and Business Media LLC}, author = {Cañestro, Cristian and Yokoi, Hayato and Postlethwait, John H.}, year = {2007}, month = {Dec}, pages = {932–942}}
@article{Chen2012Personal, title = {Personal Omics Profiling Reveals Dynamic Molecular and Medical Phenotypes}, volume = {148}, url = {http://dx.doi.org/10.1016/j.cell.2012.02.009}, DOI = {10.1016/j.cell.2012.02.009}, number = {6}, journal = {Cell}, publisher = {Elsevier BV}, author = {Chen, Rui and Mias, George I. and Li-Pook-Than, Jennifer and Jiang, Lihua and Lam, Hugo Y.K. and Chen, Rong and Miriami, Elana and Karczewski, Konrad J. and Hariharan, Manoj and Dewey, Frederick E. and et al.}, year = {2012}, month = {Mar}, pages = {1293–1307}}
@article{Chlamydas2020Epigenetic, title = {Epigenetic mechanisms regulating COVID-19 infection}, volume = {16}, url = {http://dx.doi.org/10.1080/15592294.2020.1796896}, DOI = {10.1080/15592294.2020.1796896}, number = {3}, journal = {Epigenetics}, publisher = {Informa UK Limited}, author = {Chlamydas, Sarantis and Papavassiliou, Athanasios G. and Piperi, Christina}, year = {2020}, month = {Jul}, pages = {263–270}}
@article{Cleary2021Perspectives, title = {Perspectives on Allele-Specific Expression}, volume = {4}, url = {http://dx.doi.org/10.1146/annurev-biodatasci-021621-122219}, DOI = {10.1146/annurev-biodatasci-021621-122219}, number = {1}, journal = {Annual Review of Biomedical Data Science}, publisher = {Annual Reviews}, author = {Cleary, Siobhan and Seoighe, Cathal}, year = {2021}, month = {Jul}, pages = {101–122}}
@article{Cohn2020The, title = {The Biology of the HIV-1 Latent Reservoir and Implications for Cure Strategies}, volume = {27}, url = {http://dx.doi.org/10.1016/j.chom.2020.03.014}, DOI = {10.1016/j.chom.2020.03.014}, number = {4}, journal = {Cell Host \& Microbe}, publisher = {Elsevier BV}, author = {Cohn, Lillian B. and Chomont, Nicolas and Deeks, Steven G.}, year = {2020}, month = {Apr}, pages = {519–530}}
@article{Colin2018CCR5, title = {CCR5 structural plasticity shapes HIV-1 phenotypic properties}, volume = {14}, url = {http://dx.doi.org/10.1371/journal.ppat.1007432}, DOI = {10.1371/journal.ppat.1007432}, number = {12}, journal = {PLOS Pathogens}, publisher = {Public Library of Science (PLoS)}, author = {Colin, Philippe and Zhou, Zhicheng and Staropoli, Isabelle and Garcia-Perez, Javier and Gasser, Romain and Armani-Tourret, Marie and Benureau, Yann and Gonzalez, Nuria and Jin, Jun and Connell, Bridgette J. and et al.}, editor = {Swanstrom, RonaldEditor}, year = {2018}, month = {Dec}, pages = {e1007432}}
@article{Conesa2016A, title = {A survey of best practices for RNA-seq data analysis}, volume = {17}, url = {http://dx.doi.org/10.1186/s13059-016-0881-8}, DOI = {10.1186/s13059-016-0881-8}, number = {1}, journal = {Genome Biology}, publisher = {Springer Science and Business Media LLC}, author = {Conesa, Ana and Madrigal, Pedro and Tarazona, Sonia and Gomez-Cabrero, David and Cervera, Alejandra and McPherson, Andrew and Szcześniak, Michał Wojciech and Gaffney, Daniel J. and Elo, Laura L. and Zhang, Xuegong and et al.}, year = {2016}, month = {Jan}}
@article{Cooper2011Needles, title = {Needles in stacks of needles: finding disease-causal variants in a wealth of genomic data}, volume = {12}, url = {http://dx.doi.org/10.1038/nrg3046}, DOI = {10.1038/nrg3046}, number = {9}, journal = {Nature Reviews Genetics}, publisher = {Springer Science and Business Media LLC}, author = {Cooper, Gregory M. and Shendure, Jay}, year = {2011}, month = {Aug}, pages = {628–640}}
@article{Dai2017Sequence2Vec, title = {Sequence2Vec: a novel embedding approach for modeling transcription factor binding affinity landscape}, volume = {33}, url = {http://dx.doi.org/10.1093/bioinformatics/btx480}, DOI = {10.1093/bioinformatics/btx480}, number = {22}, journal = {Bioinformatics}, publisher = {Oxford University Press (OUP)}, author = {Dai, Hanjun and Umarov, Ramzan and Kuwahara, Hiroyuki and Li, Yu and Song, Le and Gao, Xin}, editor = {Stegle, OliverEditor}, year = {2017}, month = {Jul}, pages = {3575–3583}}
@article{Dalmasso2008Distinct, title = {Distinct Genetic Loci Control Plasma HIV-RNA and Cellular HIV-DNA Levels in HIV-1 Infection: The ANRS Genome Wide Association 01 Study}, volume = {3}, url = {http://dx.doi.org/10.1371/journal.pone.0003907}, DOI = {10.1371/journal.pone.0003907}, number = {12}, journal = {PLoS ONE}, publisher = {Public Library of Science (PLoS)}, author = {Dalmasso, Cyril and Carpentier, Wassila and Meyer, Laurence and Rouzioux, Christine and Goujard, Cécile and Chaix, Marie-Laure and Lambotte, Olivier and Avettand-Fenoel, Véronique and Le Clerc, Sigrid and de Senneville, Laure Denis and et al.}, editor = {Sommer, PeterEditor}, year = {2008}, month = {Dec}, pages = {e3907}}
@article{Davydov2010Identifying, title = {Identifying a High Fraction of the Human Genome to be under Selective Constraint Using GERP++}, volume = {6}, url = {http://dx.doi.org/10.1371/journal.pcbi.1001025}, DOI = {10.1371/journal.pcbi.1001025}, number = {12}, journal = {PLoS Computational Biology}, publisher = {Public Library of Science (PLoS)}, author = {Davydov, Eugene V. and Goode, David L. and Sirota, Marina and Cooper , Gregory M. and Sidow, Arend and Batzoglou, Serafim}, editor = {Wasserman, Wyeth W.Editor}, year = {2010}, month = {Dec}, pages = {e1001025}}
@article{Deplancke2016The, title = {The Genetics of Transcription Factor DNA Binding Variation}, volume = {166}, url = {http://dx.doi.org/10.1016/j.cell.2016.07.012}, DOI = {10.1016/j.cell.2016.07.012}, number = {3}, journal = {Cell}, publisher = {Elsevier BV}, author = {Deplancke, Bart and Alpern, Daniel and Gardeux, Vincent}, year = {2016}, month = {Jul}, pages = {538–554}}
@article{Do2020Allele, title = {Allele-specific DNA methylation is increased in cancers and its dense mapping in normal plus neoplastic cells increases the yield of disease-associated regulatory SNPs}, volume = {21}, url = {http://dx.doi.org/10.1186/s13059-020-02059-3}, DOI = {10.1186/s13059-020-02059-3}, number = {1}, journal = {Genome Biology}, publisher = {Springer Science and Business Media LLC}, author = {Do, Catherine and Dumont, Emmanuel L. P. and Salas, Martha and Castano, Angelica and Mujahed, Huthayfa and Maldonado, Leonel and Singh, Arunjot and DaSilva-Arnold, Sonia C. and Bhagat, Govind and Lehman, Soren and et al.}, year = {2020}, month = {Jun}}
@article{Elmarakeby2021Biologically, title = {Biologically informed deep neural network for prostate cancer discovery}, volume = {598}, url = {http://dx.doi.org/10.1038/s41586-021-03922-4}, DOI = {10.1038/s41586-021-03922-4}, number = {7880}, journal = {Nature}, publisher = {Springer Science and Business Media LLC}, author = {Elmarakeby, Haitham A. and Hwang, Justin and Arafeh, Rand and Crowdis, Jett and Gang, Sydney and Liu, David and AlDubayan, Saud H. and Salari, Keyan and Kregel, Steven and Richter, Camden and et al.}, year = {2021}, month = {Sep}, pages = {348–352}}
@article{Eythorsson2020Clinical, title = {Clinical spectrum of coronavirus disease 2019 in Iceland: population based cohort study}, url = {http://dx.doi.org/10.1136/bmj.m4529}, DOI = {10.1136/bmj.m4529}, journal = {BMJ}, publisher = {BMJ}, author = {Eythorsson, Elias and Helgason, Dadi and Ingvarsson, Ragnar Freyr and Bjornsson, Helgi K and Olafsdottir, Lovisa Bjork and Bjarnadottir , Valgerdur and Runolfsdottir, Hrafnhildur Linnet and Bjarnadottir, Solveig and Agustsson, Arnar Snaer and Oskarsdottir, Kristin and et al.}, year = {2020}, month = {Dec}, pages = {m4529}}
@article{Fan2020ASEP, title = {ASEP: Gene-based detection of allele-specific expression across individuals in a population by RNA sequencing}, volume = {16}, url = {http://dx.doi.org/10.1371/journal.pgen.1008786}, DOI = {10.1371/journal.pgen.1008786}, number = {5}, journal = {PLOS Genetics}, publisher = {Public Library of Science (PLoS)}, author = {Fan, Jiaxin and Hu, Jian and Xue, Chenyi and Zhang, Hanrui and Susztak, Katalin and Reilly, Muredach P. and Xiao, Rui and Li, Mingyao}, editor = {Zhu, XiaofengEditor}, year = {2020}, month = {May}, pages = {e1008786}}
@article{Fellay2007A, title = {A Whole-Genome Association Study of Major Determinants for Host Control of HIV-1}, volume = {317}, url = {http://dx.doi.org/10.1126/science.1143767}, DOI = {10.1126/science.1143767}, number = {5840}, journal = {Science}, publisher = {American Association for the Advancement of Science (AAAS)}, author = {Fellay, Jacques and Shianna, Kevin V. and Ge, Dongliang and Colombo, Sara and Ledergerber, Bruno and Weale, Mike and Zhang, Kunlin and Gumbs, Curtis and Castagna, Antonella and Cossarizza, Andrea and et al.}, year = {2007}, month = {Aug}, pages = {944–947}}
@article{Fellay2009Common, title = {Common Genetic Variation and the Control of HIV-1 in Humans}, volume = {5}, url = {http://dx.doi.org/10.1371/journal.pgen.1000791}, DOI = {10.1371/journal.pgen.1000791}, number = {12}, journal = {PLoS Genetics}, publisher = {Public Library of Science (PLoS)}, author = {Fellay, Jacques and Ge, Dongliang and Shianna, Kevin V. and Colombo, Sara and Ledergerber, Bruno and Cirulli, Elizabeth T. and Urban, Thomas J. and Zhang, Kunlin and Gumbs, Curtis E. and Smith, Jason P. and et al.}, editor = {McCarthy, Mark I.Editor}, year = {2009}, month = {Dec}, pages = {e1000791}}
@article{Galupa2018X, title = {X-Chromosome Inactivation: A Crossroads Between Chromosome Architecture and Gene Regulation}, volume = {52}, url = {http://dx.doi.org/10.1146/annurev-genet-120116-024611}, DOI = {10.1146/annurev-genet-120116-024611}, number = {1}, journal = {Annual Review of Genetics}, publisher = {Annual Reviews}, author = {Galupa, Rafael and Heard, Edith}, year = {2018}, month = {Nov}, pages = {535–566}}
@article{Geiss2008Direct, title = {Direct multiplexed measurement of gene expression with color-coded probe pairs}, volume = {26}, url = {http://dx.doi.org/10.1038/nbt1385}, DOI = {10.1038/nbt1385}, number = {3}, journal = {Nature Biotechnology}, publisher = {Springer Science and Business Media LLC}, author = {Geiss, Gary K and Bumgarner, Roger E and Birditt, Brian and Dahl, Timothy and Dowidar, Naeem and Dunaway, Dwayne L and Fell, H Perry and Ferree, Sean and George, Renee D and Grogan, Tammy and et al.}, year = {2008}, month = {Feb}, pages = {317–325}}
@article{Gervaix2002Response, title = {Response to Treatment and Disease Progression Linked to CD4+T Cell Surface CC Chemokine Receptor 5 Density in Human Immunodeficiency Virus Type 1 Vertical Infection}, volume = {185}, url = {http://dx.doi.org/10.1086/339802}, DOI = {10.1086/339802}, number = {8}, journal = {The Journal of Infectious Diseases}, publisher = {Oxford University Press (OUP)}, author = {Gervaix, Alain and Nicolas, Joelle and Portales, Pierre and Posfay‐Barbe, Klara and Wyler, Claire‐Anne and Segondy, Michel and Avinens, Odile and Siegrist, Claire‐Anne and Clot, Jacques and Eliaou , Jean‐François and et al.}, year = {2002}, month = {Apr}, pages = {1055–1061}}
@article{Giallourakis2005DISEASE, title = {DISEASE GENE DISCOVERY THROUGH INTEGRATIVE GENOMICS}, volume = {6}, url = {http://dx.doi.org/10.1146/annurev.genom.6.080604.162234}, DOI = {10.1146/annurev.genom.6.080604.162234}, number = {1}, journal = {Annual Review of Genomics and Human Genetics}, publisher = {Annual Reviews}, author = {Giallourakis, Cosmas and Henson, Charlotte and Reich, Michael and Xie, Xiaohui and Mootha, Vamsi K.}, year = {2005}, month = {Sep}, pages = {381–406}}
@article{Gordon2020A, title = {A Quantitative Genetic Interaction Map of HIV Infection}, volume = {78}, url = {http://dx.doi.org/10.1016/j.molcel.2020.02.004}, DOI = {10.1016/j.molcel.2020.02.004}, number = {2}, journal = {Molecular Cell}, publisher = {Elsevier BV}, author = {Gordon, David E. and Watson, Ariane and Roguev, Assen and Zheng, Simin and Jang, Gwendolyn M. and Kane, Joshua and Xu, Jiewei and Guo, Jeffrey Z. and Stevenson, Erica and Swaney, Danielle L. and et al.}, year = {2020}, month = {Apr}, pages = {197–209.e7}}
@article{Gröhl2021Deep, title = {Deep learning for biomedical photoacoustic imaging: A review}, volume = {22}, url = {http://dx.doi.org/10.1016/j.pacs.2021.100241}, DOI = {10.1016/j.pacs.2021.100241}, journal = {Photoacoustics}, publisher = {Elsevier BV}, author = {Gröhl, Janek and Schellenberg, Melanie and Dreher, Kris and Maier-Hein, Lena}, year = {2021}, month = {Jun}, pages = {100241}}
@article{Guan2020Clinical, title = {Clinical Characteristics of Coronavirus Disease 2019 in China}, volume = {382}, url = {http://dx.doi.org/10.1056/NEJMoa2002032}, DOI = {10.1056/nejmoa2002032}, number = {18}, journal = {New England Journal of Medicine}, publisher = {Massachusetts Medical Society}, author = {Guan, Wei-jie and Ni, Zheng-yi and Hu, Yu and Liang, Wen-hua and Ou, Chun-quan and He, Jian-xing and Liu, Lei and Shan, Hong and Lei, Chun-liang and Hui, David S.C. and et al.}, year = {2020}, month = {Apr}, pages = {1708–1720}}
@article{Hasan2021Metabolomics, title = {Metabolomics in the Diagnosis and Prognosis of COVID-19}, volume = {12}, url = {http://dx.doi.org/10.3389/fgene.2021.721556}, DOI = {10.3389/fgene.2021.721556}, journal = {Frontiers in Genetics}, publisher = {Frontiers Media SA}, author = {Hasan, Mohammad Rubayet and Suleiman, Mohammed and Pérez-López, Andrés}, year = {2021}, month = {Jul}}
@article{Hasin2017Multi, title = {Multi-omics approaches to disease}, volume = {18}, url = {http://dx.doi.org/10.1186/s13059-017-1215-1}, DOI = {10.1186/s13059-017-1215-1}, number = {1}, journal = {Genome Biology}, publisher = {Springer Science and Business Media LLC}, author = {Hasin, Yehudit and Seldin, Marcus and Lusis, Aldons}, year = {2017}, month = {May}}
@article{Herbeck2010Multistage, title = {Multistage Genomewide Association Study Identifies a Locus at 1q41 Associated with Rate of HIV‐1 Disease Progression to Clinical AIDS}, volume = {201}, url = {http://dx.doi.org/10.1086/649842}, DOI = {10.1086/649842}, number = {4}, journal = {The Journal of Infectious Diseases}, publisher = {Oxford University Press (OUP)}, author = {Herbeck, Joshua T. and Gottlieb, Geoffrey S. and Winkler, Cheryl A. and Nelson, George W. and An, Ping and Maust, Brandon S. and Wong, Kim G. and Troyer, Jennifer L. and Goedert, James J. and Kessing, Bailey D. and et al.}, year = {2010}, month = {Feb}, pages = {618–626}}
@article{Hoffman2019Functional, title = {Functional interpretation of genetic variants using deep learning predicts impact on chromatin accessibility and histone modification}, volume = {47}, url = {http://dx.doi.org/10.1093/nar/gkz808}, DOI = {10.1093/nar/gkz808}, number = {20}, journal = {Nucleic Acids Research}, publisher = {Oxford University Press (OUP)}, author = {Hoffman, Gabriel E and Bendl, Jaroslav and Girdhar, Kiran and Schadt , Eric E and Roussos, Panos}, year = {2019}, month = {Sep}, pages = {10597–10611}}
@article{Hütter2009Long, title = {Long-Term Control of HIV byCCR5Delta32/Delta32 Stem-Cell Transplantation}, volume = {360}, url = {http://dx.doi.org/10.1056/NEJMoa0802905}, DOI = {10.1056/nejmoa0802905}, number = {7}, journal = {New England Journal of Medicine}, publisher = {Massachusetts Medical Society}, author = {Hütter, Gero and Nowak, Daniel and Mossner, Maximilian and Ganepola, Susanne and Müßig, Arne and Allers, Kristina and Schneider, Thomas and Hofmann, Jörg and Kücherer, Claudia and Blau, Olga and et al.}, year = {2009}, month = {Feb}, pages = {692–698}}
@article{Jaganathan2019Predicting, title = {Predicting Splicing from Primary Sequence with Deep Learning}, volume = {176}, url = {http://dx.doi.org/10.1016/j.cell.2018.12.015}, DOI = {10.1016/j.cell.2018.12.015}, number = {3}, journal = {Cell}, publisher = {Elsevier BV}, author = {Jaganathan, Kishore and Kyriazopoulou Panagiotopoulou, Sofia and McRae, Jeremy F. and Darbandi, Siavash Fazel and Knowles, David and Li, Yang I. and Kosmicki, Jack A. and Arbelaez, Juan and Cui, Wenwu and Schwartz, Grace B. and et al.}, year = {2019}, month = {Jan}, pages = {535–548.e24}}
@article{Johnson2020Interferon, title = {Interferon Regulatory Factor 7 Attenuates Chronic Gammaherpesvirus Infection}, volume = {94}, url = {http://dx.doi.org/10.1128/JVI.01554-20}, DOI = {10.1128/jvi.01554-20}, number = {24}, journal = {Journal of Virology}, publisher = {American Society for Microbiology}, author = {Johnson, K. E. and Aurubin, C. A. and Jondle, C. N. and Lange, P. T. and Tarakanova, V. L.}, editor = {Jung, Jae U.Editor}, year = {2020}, month = {Nov}}
@article{Joubert2010A, title = {A whole genome association study of mother-to-child transmission of HIV in Malawi}, volume = {2}, url = {http://dx.doi.org/10.1186/gm138}, DOI = {10.1186/gm138}, number = {3}, journal = {Genome Medicine}, publisher = {Springer Science and Business Media LLC}, author = {Joubert, Bonnie R and Lange, Ethan M and Franceschini, Nora and Mwapasa, Victor and North, Kari E and Meshnick, Steven R}, year = {2010}, pages = {17}}
@article{Jurtz2017An, title = {An introduction to deep learning on biological sequence data: examples and solutions}, volume = {33}, url = {http://dx.doi.org/10.1093/bioinformatics/btx531}, DOI = {10.1093/bioinformatics/btx531}, number = {22}, journal = {Bioinformatics}, publisher = {Oxford University Press (OUP)}, author = {Jurtz, Vanessa Isabell and Johansen, Alexander Rosenberg and Nielsen , Morten and Almagro Armenteros, Jose Juan and Nielsen, Henrik and Sønderby, Casper Kaae and Winther, Ole and Sønderby, Søren Kaae}, editor = {Valencia, AlfonsoEditor}, year = {2017}, month = {Aug}, pages = {3685–3690}}
@article{Kanehisa2000KEGG, title = {KEGG: Kyoto Encyclopedia of Genes and Genomes}, volume = {28}, url = {http://dx.doi.org/10.1093/nar/28.1.27}, DOI = {10.1093/nar/28.1.27}, number = {1}, journal = {Nucleic Acids Research}, publisher = {Oxford University Press (OUP)}, author = {Kanehisa, M.}, year = {2000}, month = {Jan}, pages = {27–30}}
@article{Karczewski2018Integrative, title = {Integrative omics for health and disease}, volume = {19}, url = {http://dx.doi.org/10.1038/nrg.2018.4}, DOI = {10.1038/nrg.2018.4}, number = {5}, journal = {Nature Reviews Genetics}, publisher = {Springer Science and Business Media LLC}, author = {Karczewski, Konrad J. and Snyder, Michael P.}, year = {2018}, month = {Feb}, pages = {299–310}}
@article{Klein2005Complement, title = {Complement Factor H Polymorphism in Age-Related Macular Degeneration}, volume = {308}, url = {http://dx.doi.org/10.1126/science.1109557}, DOI = {10.1126/science.1109557}, number = {5720}, journal = {Science}, publisher = {American Association for the Advancement of Science (AAAS)}, author = {Klein, Robert J. and Zeiss, Caroline and Chew, Emily Y. and Tsai, Jen-Yue and Sackler, Richard S. and Haynes, Chad and Henning, Alice K. and SanGiovanni, John Paul and Mane, Shrikant M. and Mayne, Susan T. and et al.}, year = {2005}, month = {Apr}, pages = {385–389}}
@article{Komin2017How, title = {How to address cellular heterogeneity by distribution biology}, volume = {3}, url = {http://dx.doi.org/10.1016/j.coisb.2017.05.010}, DOI = {10.1016/j.coisb.2017.05.010}, journal = {Current Opinion in Systems Biology}, publisher = {Elsevier BV}, author = {Komin, Niko and Skupin, Alexander}, year = {2017}, month = {Jun}, pages = {154–160}}
@article{Kulkarni2019CCR5AS, title = {CCR5AS lncRNA variation differentially regulates CCR5, influencing HIV disease outcome}, volume = {20}, url = {http://dx.doi.org/10.1038/s41590-019-0406-1}, DOI = {10.1038/s41590-019-0406-1}, number = {7}, journal = {Nature Immunology}, publisher = {Springer Science and Business Media LLC}, author = {Kulkarni, Smita and Lied, Alexandra and Kulkarni, Viraj and Rucevic, Marijana and Martin, Maureen P. and Walker-Sperling, Victoria and Anderson, Stephen K. and Ewy, Rodger and Singh, Sukhvinder and Nguyen , Hoang and et al.}, year = {2019}, month = {Jun}, pages = {824–834}}
@article{Kumasaka2015Fine, title = {Fine-mapping cellular QTLs with RASQUAL and ATAC-seq}, volume = {48}, url = {http://dx.doi.org/10.1038/ng.3467}, DOI = {10.1038/ng.3467}, number = {2}, journal = {Nature Genetics}, publisher = {Springer Science and Business Media LLC}, author = {Kumasaka, Natsuhiko and Knights, Andrew J and Gaffney, Daniel J}, year = {2015}, month = {Dec}, pages = {206–213}}
@article{Lanckriet2004A, title = {A statistical framework for genomic data fusion}, volume = {20}, url = {http://dx.doi.org/10.1093/bioinformatics/bth294}, DOI = {10.1093/bioinformatics/bth294}, number = {16}, journal = {Bioinformatics}, publisher = {Oxford University Press (OUP)}, author = {Lanckriet, G. R. G. and De Bie, T. and Cristianini, N. and Jordan, M. I. and Noble, W. S.}, year = {2004}, month = {May}, pages = {2626–2635}}
@article{Lange2020Epigenetic, title = {Epigenetic crosstalk in chronic infection with HIV-1}, volume = {42}, url = {http://dx.doi.org/10.1007/s00281-020-00783-3}, DOI = {10.1007/s00281-020-00783-3}, number = {2}, journal = {Seminars in Immunopathology}, publisher = {Springer Science and Business Media LLC}, author = {Lange, Ulrike C and Verdikt, Roxane and Ait-Ammar, Amina and Van Lint, Carine}, year = {2020}, month = {Feb}, pages = {187–200}}
@article{Lee2019Profiling, title = {Profiling allele-specific gene expression in brains from individuals with autism spectrum disorder reveals preferential minor allele usage}, volume = {22}, url = {http://dx.doi.org/10.1038/s41593-019-0461-9}, DOI = {10.1038/s41593-019-0461-9}, number = {9}, journal = {Nature Neuroscience}, publisher = {Springer Science and Business Media LLC}, author = {Lee, Changhoon and Kang, Eun Yong and Gandal, Michael J. and Eskin, Eleazar and Geschwind, Daniel H.}, year = {2019}, month = {Aug}, pages = {1521–1532}}
@article{Levy2016Advancements, title = {Advancements in Next-Generation Sequencing}, volume = {17}, url = {http://dx.doi.org/10.1146/annurev-genom-083115-022413}, DOI = {10.1146/annurev-genom-083115-022413}, number = {1}, journal = {Annual Review of Genomics and Human Genetics}, publisher = {Annual Reviews}, author = {Levy, Shawn E. and Myers, Richard M.}, year = {2016}, month = {Aug}, pages = {95–115}}
@article{Li2016A, title = {A Functional Genomics Approach to Understand Variation in Cytokine Production in Humans}, volume = {167}, url = {http://dx.doi.org/10.1016/j.cell.2016.10.017}, DOI = {10.1016/j.cell.2016.10.017}, number = {4}, journal = {Cell}, publisher = {Elsevier BV}, author = {Li, Yang and Oosting, Marije and Smeekens, Sanne P. and Jaeger, Martin and Aguirre-Gamboa, Raul and Le, Kieu T.T. and Deelen, Patrick and Ricaño-Ponce, Isis and Schoffelen, Teske and Jansen, Anne F.M. and et al.}, year = {2016}, month = {Nov}, pages = {1099–1110.e14}}
@article{Li2016Inter, author = {Li, Yang and Oosting, Marije and Deelen, Patrick and Ricaño-Ponce, Isis and Smeekens, Sanne and Jaeger, Martin and Matzaraki, Vasiliki and Swertz, Morris A and Xavier, Ramnik J and Franke, Lude and et al.}, journal = {Nature Medicine}, title = {Inter-individual variability and genetic influences on cytokine responses to bacteria and fungi}, year = {2016}, month = {Jul}, number = {8}, pages = {952–960}, volume = {22}, doi = {10.1038/nm.4139}, publisher = {Springer Science and Business Media LLC}, url = {http://dx.doi.org/10.1038/nm.4139}}
@article{Lieberman2016Epigenetics, title = {Epigenetics and Genetics of Viral Latency}, volume = {19}, url = {http://dx.doi.org/10.1016/j.chom.2016.04.008}, DOI = {10.1016/j.chom.2016.04.008}, number = {5}, journal = {Cell Host \& Microbe}, publisher = {Elsevier BV}, author = {Lieberman, Paul M.}, year = {2016}, month = {May}, pages = {619–628}}
@article{Lonsdale2013The, title = {The Genotype-Tissue Expression (GTEx) project}, volume = {45}, url = {http://dx.doi.org/10.1038/ng.2653}, DOI = {10.1038/ng.2653}, number = {6}, journal = {Nature Genetics}, publisher = {Springer Science and Business Media LLC}, author = {Lonsdale, John and Thomas, Jeffrey and Salvatore, Mike and Phillips, Rebecca and Lo, Edmund and Shad, Saboor and Hasz, Richard and Walters , Gary and Garcia, Fernando and Young, Nancy and et al.}, year = {2013}, month = {May}, pages = {580–585}}
@article{Lu2019Memory, title = {Memory regulatory T cells home to the lung and control influenza A virus infection}, volume = {97}, url = {http://dx.doi.org/10.1111/imcb.12271}, DOI = {10.1111/imcb.12271}, number = {9}, journal = {Immunology \& Cell Biology}, publisher = {Wiley}, author = {Lu, Chunni and Zanker, Damien and Lock, Peter and Jiang, Xiangrui and Deng, Jieru and Duan, Mubing and Liu, Chuanxin and Faou, Pierre and Hickey, Michael J and Chen, Weisan}, year = {2019}, month = {Jun}, pages = {774–786}}
@article{Luo2012A, title = {A Genetic Polymorphism of FREM1 Is Associated with Resistance against HIV Infection in the Pumwani Sex Worker Cohort}, volume = {86}, url = {http://dx.doi.org/10.1128/JVI.01499-12}, DOI = {10.1128/jvi.01499-12}, number = {21}, journal = {Journal of Virology}, publisher = {American Society for Microbiology}, author = {Luo, M. and Sainsbury, J. and Tuff, J. and Lacap, P. A. and Yuan, X.-Y. and Hirbod, T. and Kimani, J. and Wachihi, C. and Ramdahin, S. and Bielawny, T. and et al.}, year = {2012}, month = {Aug}, pages = {11899–11905}}
@article{Ma2021Metagenomic, title = {Metagenomic analysis reveals oropharyngeal microbiota alterations in patients with COVID-19}, volume = {6}, url = {http://dx.doi.org/10.1038/s41392-021-00614-3}, DOI = {10.1038/s41392-021-00614-3}, number = {1}, journal = {Signal Transduction and Targeted Therapy}, publisher = {Springer Science and Business Media LLC}, author = {Ma, Shengli and Zhang, Fan and Zhou, Fengxia and Li, Hui and Ge, Wenyu and Gan, Rui and Nie, Huan and Li, Biao and Wang, Yindong and Wu, Meng and et al.}, year = {2021}, month = {May}}
@article{Macaulay2017Single, title = {Single-Cell Multiomics: Multiple Measurements from Single Cells}, volume = {33}, url = {http://dx.doi.org/10.1016/j.tig.2016.12.003}, DOI = {10.1016/j.tig.2016.12.003}, number = {2}, journal = {Trends in Genetics}, publisher = {Elsevier BV}, author = {Macaulay, Iain C. and Ponting, Chris P. and Voet, Thierry}, year = {2017}, month = {Feb}, pages = {155–168}}
@article{Maldarelli2014Specific, title = {Specific HIV integration sites are linked to clonal expansion and persistence of infected cells}, volume = {345}, url = {http://dx.doi.org/10.1126/science.1254194}, DOI = {10.1126/science.1254194}, number = {6193}, journal = {Science}, publisher = {American Association for the Advancement of Science (AAAS)}, author = {Maldarelli, F. and Wu, X. and Su, L. and Simonetti, F. R. and Shao, W. and Hill, S. and Spindler, J. and Ferris, A. L. and Mellors, J. W. and Kearney, M. F. and et al.}, year = {2014}, month = {Jul}, pages = {179–183}}
@article{Mangano2001Concordance, title = {Concordance between the CC Chemokine Receptor 5 Genetic Determinants That Alter Risks of Transmission and Disease Progression in Children Exposed Perinatally to Human Immunodeficiency Virus}, volume = {183}, url = {http://dx.doi.org/10.1086/320705}, DOI = {10.1086/320705}, number = {11}, journal = {The Journal of Infectious Diseases}, publisher = {Oxford University Press (OUP)}, author = {Mangano, Andrea and Gonzalez, Enrique and Dhanda, Rahul and Catano, Gabriel and Bamshad, Mike and Bock, Amanda and Duggirala, Ravindranath and Williams, Ken and Mummidi, Srinivas and Clark, Robert A. and et al.}, year = {2001}, month = {Jun}, pages = {1574–1585}}
@article{Manolio2013Bringing, title = {Bringing genome-wide association findings into clinical use}, volume = {14}, url = {http://dx.doi.org/10.1038/nrg3523}, DOI = {10.1038/nrg3523}, number = {8}, journal = {Nature Reviews Genetics}, publisher = {Springer Science and Business Media LLC}, author = {Manolio, Teri A.}, year = {2013}, month = {Jul}, pages = {549–558}}
@article{Martin2018A, title = {A Reproducibility-Based Computational Framework Identifies an Inducible, Enhanced Antiviral State in Dendritic Cells from HIV-1 Elite Controllers}, volume = {19}, url = {http://dx.doi.org/10.1186/s13059-017-1385-x}, DOI = {10.1186/s13059-017-1385-x}, number = {1}, journal = {Genome Biology}, publisher = {Springer Science and Business Media LLC}, author = {Martin-Gayo, Enrique and Cole, Michael B. and Kolb, Kellie E. and Ouyang, Zhengyu and Cronin, Jacqueline and Kazer, Samuel W. and Ordovas-Montanes, Jose and Lichterfeld, Mathias and Walker, Bruce D. and Yosef, Nir and et al.}, year = {2018}, month = {Jan}}
@article{McArdle2021Discovery, title = {Discovery Proteomics for COVID-19: Where We Are Now}, volume = {20}, url = {http://dx.doi.org/10.1021/acs.jproteome.1c00475}, DOI = {10.1021/acs.jproteome.1c00475}, number = {10}, journal = {Journal of Proteome Research}, publisher = {American Chemical Society (ACS)}, author = {McArdle, Angela and Washington, Kirstin E. and Chazarin Orgel, Blandine and Binek, Aleksandra and Manalo, Danica-Mae and Rivas, Alejandro and Ayres, Matthew and Pandey, Rakhi and Phebus, Connor and Raedschelders, Koen and et al.}, year = {2021}, month = {Sep}, pages = {4627–4639}}
@article{McBrien2018Mechanisms, title = {Mechanisms of CD8+T cell‐mediated suppression of HIV/SIV replication}, volume = {48}, url = {http://dx.doi.org/10.1002/eji.201747172}, DOI = {10.1002/eji.201747172}, number = {6}, journal = {European Journal of Immunology}, publisher = {Wiley}, author = {McBrien, Julia Bergild and Kumar, Nitasha A. and Silvestri, Guido}, year = {2018}, month = {Mar}, pages = {898–914}}
@article{McLaren2013Association, title = {Association Study of Common Genetic Variants and HIV-1 Acquisition in 6,300 Infected Cases and 7,200 Controls}, volume = {9}, url = {http://dx.doi.org/10.1371/journal.ppat.1003515}, DOI = {10.1371/journal.ppat.1003515}, number = {7}, journal = {PLoS Pathogens}, publisher = {Public Library of Science (PLoS)}, author = {McLaren, Paul J. and Coulonges, Cédric and Ripke, Stephan and van den Berg, Leonard and Buchbinder, Susan and Carrington, Mary and Cossarizza, Andrea and Dalmau, Judith and Deeks, Steven G. and Delaneau, Olivier and et al.}, editor = {Balloux, FrançoisEditor}, year = {2013}, month = {Jul}, pages = {e1003515}}
@article{McLaren2015Polymorphisms, title = {Polymorphisms of large effect explain the majority of the host genetic contribution to variation of HIV-1 virus load}, volume = {112}, url = {http://dx.doi.org/10.1073/pnas.1514867112}, DOI = {10.1073/pnas.1514867112}, number = {47}, journal = {Proceedings of the National Academy of Sciences}, publisher = {Proceedings of the National Academy of Sciences}, author = {McLaren, Paul J. and Coulonges, Cedric and Bartha, István and Lenz, Tobias L. and Deutsch, Aaron J. and Bashirova, Arman and Buchbinder, Susan and Carrington, Mary N. and Cossarizza, Andrea and Dalmau, Judith and et al.}, year = {2015}, month = {Nov}, pages = {14658–14663}}
@article{Mercer2021Testing, title = {Testing at scale during the COVID-19 pandemic}, volume = {22}, url = {http://dx.doi.org/10.1038/s41576-021-00360-w}, DOI = {10.1038/s41576-021-00360-w}, number = {7}, journal = {Nature Reviews Genetics}, publisher = {Springer Science and Business Media LLC}, author = {Mercer, Tim R. and Salit, Marc}, year = {2021}, month = {May}, pages = {415–426}}
@article{Miotto2017Deep, title = {Deep learning for healthcare: review, opportunities and challenges}, volume = {19}, url = {http://dx.doi.org/10.1093/bib/bbx044}, DOI = {10.1093/bib/bbx044}, number = {6}, journal = {Briefings in Bioinformatics}, publisher = {Oxford University Press (OUP)}, author = {Miotto, Riccardo and Wang, Fei and Wang, Shuang and Jiang, Xiaoqian and Dudley, Joel T}, year = {2017}, month = {May}, pages = {1236–1246}}
@article{Monk2019Genomic, title = {Genomic imprinting disorders: lessons on how genome, epigenome and environment interact}, volume = {20}, url = {http://dx.doi.org/10.1038/s41576-018-0092-0}, DOI = {10.1038/s41576-018-0092-0}, number = {4}, journal = {Nature Reviews Genetics}, publisher = {Springer Science and Business Media LLC}, author = {Monk, David and Mackay, Deborah J. G. and Eggermann, Thomas and Maher, Eamonn R. and Riccio, Andrea}, year = {2019}, month = {Jan}, pages = {235–248}}
@article{Mulay2021SARS, title = {SARS-CoV-2 infection of primary human lung epithelium for COVID-19 modeling and drug discovery}, volume = {35}, url = {http://dx.doi.org/10.1016/j.celrep.2021.109055}, DOI = {10.1016/j.celrep.2021.109055}, number = {5}, journal = {Cell Reports}, publisher = {Elsevier BV}, author = {Mulay, Apoorva and Konda, Bindu and Garcia, Gustavo and Yao, Changfu and Beil, Stephen and Villalba, Jaquelyn M. and Koziol, Colin and Sen , Chandani and Purkayastha, Arunima and Kolls, Jay. K. and et al.}, year = {2021}, month = {May}, pages = {109055}}
@article{Murdock2021Transcriptome, title = {Transcriptome-directed analysis for Mendelian disease diagnosis overcomes limitations of conventional genomic testing}, volume = {131}, url = {http://dx.doi.org/10.1172/JCI141500}, DOI = {10.1172/jci141500}, number = {1}, journal = {Journal of Clinical Investigation}, publisher = {American Society for Clinical Investigation}, author = {Murdock, David R. and Dai, Hongzheng and Burrage, Lindsay C. and Rosenfeld, Jill A. and Ketkar, Shamika and Müller, Michaela F. and Yépez, Vicente A. and Gagneur, Julien and Liu, Pengfei and Chen, Shan and et al.}, year = {2021}, month = {Jan}}
@article{Niemi2021Mapping, title = {Mapping the human genetic architecture of COVID-19}, volume = {600}, url = {http://dx.doi.org/10.1038/s41586-021-03767-x}, DOI = {10.1038/s41586-021-03767-x}, number = {7889}, journal = {Nature}, publisher = {Springer Science and Business Media LLC}, author = {Niemi, Mari E. K. and Karjalainen, Juha and Liao, Rachel G. and Neale, Benjamin M. and Daly, Mark and Ganna, Andrea and Pathak, Gita A. and Andrews, Shea J. and Kanai, Masahiro and et al.}, year = {2021}, month = {Jul}, pages = {472–477}}
@article{Onuchic2018Allele, title = {Allele-specific epigenome maps reveal sequence-dependent stochastic switching at regulatory loci}, volume = {361}, url = {http://dx.doi.org/10.1126/science.aar3146}, DOI = {10.1126/science.aar3146}, number = {6409}, journal = {Science}, publisher = {American Association for the Advancement of Science (AAAS)}, author = {Onuchic, Vitor and Lurie, Eugene and Carrero, Ivenise and Pawliczek, Piotr and Patel, Ronak Y. and Rozowsky, Joel and Galeev, Timur and Huang, Zhuoyi and Altshuler, Robert C. and Zhang, Zhizhuo and et al.}, year = {2018}, month = {Sep}}
@article{Oudelaar2020The, title = {The relationship between genome structure and function}, volume = {22}, url = {http://dx.doi.org/10.1038/s41576-020-00303-x}, DOI = {10.1038/s41576-020-00303-x}, number = {3}, journal = {Nature Reviews Genetics}, publisher = {Springer Science and Business Media LLC}, author = {Oudelaar, A. Marieke and Higgs, Douglas R.}, year = {2020}, month = {Nov}, pages = {154–168}}
@article{Packer2018Single, title = {Single-Cell Multi-omics: An Engine for New Quantitative Models of Gene Regulation}, volume = {34}, url = {http://dx.doi.org/10.1016/j.tig.2018.06.001}, DOI = {10.1016/j.tig.2018.06.001}, number = {9}, journal = {Trends in Genetics}, publisher = {Elsevier BV}, author = {Packer, Jonathan and Trapnell, Cole}, year = {2018}, month = {Sep}, pages = {653–665}}
@article{Pairo2020Genetic, title = {Genetic mechanisms of critical illness in COVID-19}, volume = {591}, url = {http://dx.doi.org/10.1038/s41586-020-03065-y}, DOI = {10.1038/s41586-020-03065-y}, number = {7848}, journal = {Nature}, publisher = {Springer Science and Business Media LLC}, author = {Pairo-Castineira, Erola and Clohisey, Sara and Klaric, Lucija and Bretherick, Andrew D. and Rawlik, Konrad and Pasko, Dorota and Walker , Susan and Parkinson, Nick and Fourman, Max Head and et al.}, year = {2020}, month = {Dec}, pages = {92–98}}
@article{Perkel2021Single, title = {Single-cell analysis enters the multiomics age}, volume = {595}, url = {http://dx.doi.org/10.1038/d41586-021-01994-w}, DOI = {10.1038/d41586-021-01994-w}, number = {7868}, journal = {Nature}, publisher = {Springer Science and Business Media LLC}, author = {Perkel, Jeffrey M.}, year = {2021}, month = {Jul}, pages = {614–616}}
@article{Petrovski2011Common, title = {Common human genetic variants and HIV-1 susceptibility: a genome-wide survey in a homogeneous African population}, volume = {25}, url = {http://dx.doi.org/10.1097/QAD.0b013e328343817b}, DOI = {10.1097/qad.0b013e328343817b}, number = {4}, journal = {AIDS}, publisher = {Ovid Technologies (Wolters Kluwer Health)}, author = {Petrovski, Slavé and Fellay, Jacques and Shianna, Kevin V and Carpenetti, Nicole and Kumwenda, Johnstone and Kamanga, Gift and Kamwendo, Deborah D and Letvin, Norman L and McMichael, Andrew J and Haynes, Barton F and et al.}, year = {2011}, month = {Feb}, pages = {513–518}}
@article{Pierson2000Reservoirs, title = {Reservoirs for HIV-1: Mechanisms for Viral Persistence in the Presence of Antiviral Immune Responses and Antiretroviral Therapy}, volume = {18}, url = {http://dx.doi.org/10.1146/annurev.immunol.18.1.665}, DOI = {10.1146/annurev.immunol.18.1.665}, number = {1}, journal = {Annual Review of Immunology}, publisher = {Annual Reviews}, author = {Pierson, Theodore and McArthur, Justin and Siliciano, Robert F.}, year = {2000}, month = {Apr}, pages = {665–708}}
@article{Powell2020The, title = {The behavioral, cellular and immune mediators of HIV-1 acquisition: New insights from population genetics}, volume = {10}, url = {http://dx.doi.org/10.1038/s41598-020-59256-0}, DOI = {10.1038/s41598-020-59256-0}, number = {1}, journal = {Scientific Reports}, publisher = {Springer Science and Business Media LLC}, author = {Powell, Timothy R. and Duarte, Rodrigo R. R. and Hotopf, Matthew and Hatch, Stephani L. and de Mulder Rougvie, Miguel and Breen, Gerome D. and Lewis, Cathryn M. and Nixon, Douglas F.}, year = {2020}, month = {Feb}}
@article{Ritchie2015Methods, title = {Methods of integrating data to uncover genotype–phenotype interactions}, volume = {16}, url = {http://dx.doi.org/10.1038/nrg3868}, DOI = {10.1038/nrg3868}, number = {2}, journal = {Nature Reviews Genetics}, publisher = {Springer Science and Business Media LLC}, author = {Ritchie, Marylyn D. and Holzinger, Emily R. and Li, Ruowang and Pendergrass, Sarah A. and Kim, Dokyoon}, year = {2015}, month = {Jan}, pages = {85–97}}
@article{Rodriguez2020Clinical, title = {Clinical, laboratory and imaging features of COVID-19: A systematic review and meta-analysis}, volume = {34}, url = {http://dx.doi.org/10.1016/j.tmaid.2020.101623}, DOI = {10.1016/j.tmaid.2020.101623}, journal = {Travel Medicine and Infectious Disease}, publisher = {Elsevier BV}, author = {Rodriguez-Morales, Alfonso J. and Cardona-Ospina, Jaime A. and Gutiérrez-Ocampo, Estefanía and Villamizar-Peña, Rhuvi and Holguin-Rivera, Yeimer and Escalera-Antezana, Juan Pablo and Alvarado-Arnez, Lucia Elena and Bonilla-Aldana, D. Katterine and Franco-Paredes, Carlos and Henao-Martinez, Andrés F. and et al.}, year = {2020}, month = {Mar}, pages = {101623}}
@article{Salk2018Enhancing, title = {Enhancing the accuracy of next-generation sequencing for detecting rare and subclonal mutations}, volume = {19}, url = {http://dx.doi.org/10.1038/nrg.2017.117}, DOI = {10.1038/nrg.2017.117}, number = {5}, journal = {Nature Reviews Genetics}, publisher = {Springer Science and Business Media LLC}, author = {Salk, Jesse J. and Schmitt, Michael W. and Loeb, Lawrence A.}, year = {2018}, month = {Mar}, pages = {269–285}}
@article{Sanchez2012The, author = {Sanchez, Ana M. and Zhu, Jiangao and Huang, Xiaopei and Yang, Yiping}, journal = {The Journal of Immunology}, title = {The Development and Function of Memory Regulatory T Cells after Acute Viral Infections}, year = {2012}, month = {Aug}, number = {6}, pages = {2805–2814}, volume = {189}, doi = {10.4049/jimmunol.1200645}, publisher = {The American Association of Immunologists}, url = {http://dx.doi.org/10.4049/jimmunol.1200645}}
@article{Schaid2018From, title = {From genome-wide associations to candidate causal variants by statistical fine-mapping}, volume = {19}, url = {http://dx.doi.org/10.1038/s41576-018-0016-z}, DOI = {10.1038/s41576-018-0016-z}, number = {8}, journal = {Nature Reviews Genetics}, publisher = {Springer Science and Business Media LLC}, author = {Schaid, Daniel J. and Chen, Wenan and Larson, Nicholas B.}, year = {2018}, month = {May}, pages = {491–504}}
@article{Schulte2020Severe, title = {Severe COVID-19 Is Marked by a Dysregulated Myeloid Cell Compartment}, volume = {182}, url = {http://dx.doi.org/10.1016/j.cell.2020.08.001}, DOI = {10.1016/j.cell.2020.08.001}, number = {6}, journal = {Cell}, publisher = {Elsevier BV}, author = {Schulte-Schrepping, Jonas and Reusch, Nico and Paclik, Daniela and Baßler, Kevin and Schlickeiser, Stephan and Zhang, Bowen and Krämer, Benjamin and Krammer, Tobias and Brumhard, Sophia and Bonaguro, Lorenzo and et al.}, year = {2020}, month = {Sep}, pages = {1419–1440.e23}}
@article{Shah2014Genetic, title = {Genetic and environmental exposures constrain epigenetic drift over the human life course}, volume = {24}, url = {http://dx.doi.org/10.1101/gr.176933.114}, DOI = {10.1101/gr.176933.114}, number = {11}, journal = {Genome Research}, publisher = {Cold Spring Harbor Laboratory}, author = {Shah, Sonia and McRae, Allan F. and Marioni, Riccardo E. and Harris, Sarah E. and Gibson, Jude and Henders, Anjali K. and Redmond, Paul and Cox, Simon R. and Pattie, Alison and Corley, Janie and et al.}, year = {2014}, month = {Sep}, pages = {1725–1733}}
@article{Shelton2021Trans, title = {Trans-ancestry analysis reveals genetic and nongenetic associations with COVID-19 susceptibility and severity}, volume = {53}, url = {http://dx.doi.org/10.1038/s41588-021-00854-7}, DOI = {10.1038/s41588-021-00854-7}, number = {6}, journal = {Nature Genetics}, publisher = {Springer Science and Business Media LLC}, author = {Shelton, Janie F. and Shastri, Anjali J. and Ye, Chelsea and Weldon, Catherine H. and Filshtein-Sonmez, Teresa and Coker, Daniella and Symons, Antony and Esparza-Gordillo, Jorge and Chubb, Adrian and Fitch, Alison and et al.}, year = {2021}, month = {Apr}, pages = {801–808}}
@article{Shoemaker2010Allele, title = {Allele-specific methylation is prevalent and is contributed by CpG-SNPs in the human genome}, volume = {20}, url = {http://dx.doi.org/10.1101/gr.104695.109}, DOI = {10.1101/gr.104695.109}, number = {7}, journal = {Genome Research}, publisher = {Cold Spring Harbor Laboratory}, author = {Shoemaker, Robert and Deng, Jie and Wang, Wei and Zhang, Kun}, year = {2010}, month = {Apr}, pages = {883–889}}
@article{Skelly2020Mapping, title = {Mapping the Effects of Genetic Variation on Chromatin State and Gene Expression Reveals Loci That Control Ground State Pluripotency}, volume = {27}, url = {http://dx.doi.org/10.1016/j.stem.2020.07.005}, DOI = {10.1016/j.stem.2020.07.005}, number = {3}, journal = {Cell Stem Cell}, publisher = {Elsevier BV}, author = {Skelly, Daniel A. and Czechanski, Anne and Byers, Candice and Aydin, Selcan and Spruce, Catrina and Olivier, Chris and Choi, Kwangbom and Gatti, Daniel M. and Raghupathy, Narayanan and Keele, Gregory R. and et al.}, year = {2020}, month = {Sep}, pages = {459–469.e8}}
@article{Speck2010Viral, title = {Viral Latency and Its Regulation: Lessons from the $\gamma $-Herpesviruses}, volume = {8}, url = {http://dx.doi.org/10.1016/j.chom.2010.06.014}, DOI = {10.1016/j.chom.2010.06.014}, number = {1}, journal = {Cell Host \& Microbe}, publisher = {Elsevier BV}, author = {Speck, Samuel H. and Ganem, Don}, year = {2010}, month = {Jul}, pages = {100–115}}
@article{Spinner2019explAIner, title = {explAIner: A Visual Analytics Framework for Interactive and Explainable Machine Learning}, url = {http://dx.doi.org/10.1109/TVCG.2019.2934629}, DOI = {10.1109/tvcg.2019.2934629}, journal = {IEEE Transactions on Visualization and Computer Graphics}, publisher = {Institute of Electrical and Electronics Engineers (IEEE)}, author = {Spinner, Thilo and Schlegel, Udo and Schafer, Hanna and El-Assady, Mennatallah}, year = {2019}, pages = {1–1}}
@article{Stephenson2021Single, title = {Single-cell multi-omics analysis of the immune response in COVID-19}, volume = {27}, url = {http://dx.doi.org/10.1038/s41591-021-01329-2}, DOI = {10.1038/s41591-021-01329-2}, number = {5}, journal = {Nature Medicine}, publisher = {Springer Science and Business Media LLC}, author = {Stephenson, Emily and Reynolds, Gary and Botting, Rachel A. and Calero-Nieto, Fernando J. and Morgan, Michael D. and Tuong, Zewen Kelvin and Bach, Karsten and Sungnak, Waradon and Worlock, Kaylee B. and et al.}, year = {2021}, month = {Apr}, pages = {904–916}}
@article{Sun2017Sequence, title = {Sequence-based prediction of protein protein interaction using a deep-learning algorithm}, volume = {18}, url = {http://dx.doi.org/10.1186/s12859-017-1700-2}, DOI = {10.1186/s12859-017-1700-2}, number = {1}, journal = {BMC Bioinformatics}, publisher = {Springer Science and Business Media LLC}, author = {Sun, Tanlin and Zhou, Bo and Lai, Luhua and Pei, Jianfeng}, year = {2017}, month = {May}}
@article{Tam2019Benefits, title = {Benefits and limitations of genome-wide association studies}, volume = {20}, url = {http://dx.doi.org/10.1038/s41576-019-0127-1}, DOI = {10.1038/s41576-019-0127-1}, number = {8}, journal = {Nature Reviews Genetics}, publisher = {Springer Science and Business Media LLC}, author = {Tam, Vivian and Patel, Nikunj and Turcotte, Michelle and Bossé, Yohan and Paré, Guillaume and Meyre, David}, year = {2019}, month = {May}, pages = {467–484}}
@article{Tavassoly2018Systems, title = {Systems biology primer: the basic methods and approaches}, volume = {62}, url = {http://dx.doi.org/10.1042/EBC20180003}, DOI = {10.1042/ebc20180003}, number = {4}, journal = {Essays in Biochemistry}, publisher = {Portland Press Ltd.}, author = {Tavassoly, Iman and Goldfarb, Joseph and Iyengar, Ravi}, year = {2018}, month = {Oct}, pages = {487–500}}
@article{Tebas2021CCR5, title = {CCR5-edited CD4+ T cells augment HIV-specific immunity to enable post-rebound control of HIV replication}, volume = {131}, url = {http://dx.doi.org/10.1172/JCI144486}, DOI = {10.1172/jci144486}, number = {7}, journal = {Journal of Clinical Investigation}, publisher = {American Society for Clinical Investigation}, author = {Tebas, Pablo and Jadlowsky, Julie K. and Shaw, Pamela A. and Tian, Lifeng and Esparza, Erin and Brennan, Andrea L. and Kim, Sukyung and Naing, Soe Yu and Richardson, Max W. and Vogel, Ashley N. and et al.}, year = {2021}, month = {Apr}}
@article{Thorball2020Host, title = {Host Genomics of the HIV-1 Reservoir Size and Its Decay Rate During Suppressive Antiretroviral Treatment}, volume = {85}, url = {http://dx.doi.org/10.1097/QAI.0000000000002473}, DOI = {10.1097/qai.0000000000002473}, number = {4}, journal = {JAIDS Journal of Acquired Immune Deficiency Syndromes}, publisher = {Ovid Technologies (Wolters Kluwer Health)}, author = {Thorball, Christian W. and Borghesi, Alessandro and Bachmann, Nadine and Von Siebenthal, Chantal and Vongrad, Valentina and Turk, Teja and Neumann, Kathrin and Beerenwinkel, Niko and Bogojeska, Jasmina and Roth, Volker and et al.}, year = {2020}, month = {Dec}, pages = {517–524}}
@article{Valle2008Germline, title = {Germline Allele-Specific Expression of TGFBR1 Confers an Increased Risk of Colorectal Cancer}, volume = {321}, url = {http://dx.doi.org/10.1126/science.1159397}, DOI = {10.1126/science.1159397}, number = {5894}, journal = {Science}, publisher = {American Association for the Advancement of Science (AAAS)}, author = {Valle, Laura and Serena-Acedo, Tarsicio and Liyanarachchi, Sandya and Hampel, Heather and Comeras, Ilene and Li, Zhongyuan and Zeng, Qinghua and Zhang, Hong-Tao and Pennison, Michael J. and Sadim, Maureen and et al.}, year = {2008}, month = {Sep}, pages = {1361–1365}}
@article{Veeramah2014The, title = {The impact of whole-genome sequencing on the reconstruction of human population history}, volume = {15}, url = {http://dx.doi.org/10.1038/nrg3625}, DOI = {10.1038/nrg3625}, number = {3}, journal = {Nature Reviews Genetics}, publisher = {Springer Science and Business Media LLC}, author = {Veeramah, Krishna R. and Hammer, Michael F.}, year = {2014}, month = {Feb}, pages = {149–162}}
@article{Visscher2008Heritability, title = {Heritability in the genomics era — concepts and misconceptions}, volume = {9}, url = {http://dx.doi.org/10.1038/nrg2322}, DOI = {10.1038/nrg2322}, number = {4}, journal = {Nature Reviews Genetics}, publisher = {Springer Science and Business Media LLC}, author = {Visscher, Peter M. and Hill, William G. and Wray, Naomi R.}, year = {2008}, month = {Mar}, pages = {255–266}}
@article{Vollmer2020Machine, title = {Machine learning and artificial intelligence research for patient benefit: 20 critical questions on transparency, replicability, ethics, and effectiveness}, url = {http://dx.doi.org/10.1136/bmj.l6927}, DOI = {10.1136/bmj.l6927}, journal = {BMJ}, publisher = {BMJ}, author = {Vollmer, Sebastian and Mateen, Bilal A and Bohner, Gergo and Király, Franz J and Ghani, Rayid and Jonsson, Pall and Cumbers, Sarah and Jonas, Adrian and McAllister, Katherine S L and Myles, Puja and et al.}, year = {2020}, month = {Mar}, pages = {l6927}}
@article{Võsa2021Large, title = {Large-scale cis- and trans-eQTL analyses identify thousands of genetic loci and polygenic scores that regulate blood gene expression}, volume = {53}, url = {http://dx.doi.org/10.1038/s41588-021-00913-z}, DOI = {10.1038/s41588-021-00913-z}, number = {9}, journal = {Nature Genetics}, publisher = {Springer Science and Business Media LLC}, author = {Võsa, Urmo and Claringbould, Annique and Westra, Harm-Jan and Bonder , Marc Jan and Deelen, Patrick and Zeng, Biao and Kirsten, Holger and Saha, Ashis and Kreuzhuber, Roman and Yazar, Seyhan and et al.}, year = {2021}, month = {Sep}, pages = {1300–1310}}
@article{Walker2013Unravelling, title = {Unravelling the mechanisms of durable control of HIV-1}, volume = {13}, url = {http://dx.doi.org/10.1038/nri3478}, DOI = {10.1038/nri3478}, number = {7}, journal = {Nature Reviews Immunology}, publisher = {Springer Science and Business Media LLC}, author = {Walker, Bruce D. and Yu, Xu G.}, year = {2013}, month = {Jun}, pages = {487–498}}
@article{Wan2020Heritability, title = {Heritability of the HIV-1 reservoir size and decay under long-term suppressive ART}, volume = {11}, url = {http://dx.doi.org/10.1038/s41467-020-19198-7}, DOI = {10.1038/s41467-020-19198-7}, number = {1}, journal = {Nature Communications}, publisher = {Springer Science and Business Media LLC}, author = {Wan, Chenjie and Bachmann, Nadine and Mitov, Venelin and Blanquart, François and Céspedes, Susana Posada and Turk, Teja and Neumann, Kathrin and Beerenwinkel, Niko and Bogojeska, Jasmina and et al.}, year = {2020}, month = {Nov}}
@article{Wang2009RNA, title = {RNA-Seq: a revolutionary tool for transcriptomics}, volume = {10}, url = {http://dx.doi.org/10.1038/nrg2484}, DOI = {10.1038/nrg2484}, number = {1}, journal = {Nature Reviews Genetics}, publisher = {Springer Science and Business Media LLC}, author = {Wang, Zhong and Gerstein, Mark and Snyder, Michael}, year = {2009}, month = {Jan}, pages = {57–63}}
@article{Wang2020Allele, title = {Allele-Specific QTL Fine Mapping with PLASMA}, volume = {106}, url = {http://dx.doi.org/10.1016/j.ajhg.2019.12.011}, DOI = {10.1016/j.ajhg.2019.12.011}, number = {2}, journal = {The American Journal of Human Genetics}, publisher = {Elsevier BV}, author = {Wang, Austin T. and Shetty, Anamay and O’Connor, Edward and Bell, Connor and Pomerantz, Mark M. and Freedman, Matthew L. and Gusev, Alexander}, year = {2020}, month = {Feb}, pages = {170–187}}
@article{Watanabe2019A, title = {A global overview of pleiotropy and genetic architecture in complex traits}, volume = {51}, url = {http://dx.doi.org/10.1038/s41588-019-0481-0}, DOI = {10.1038/s41588-019-0481-0}, number = {9}, journal = {Nature Genetics}, publisher = {Springer Science and Business Media LLC}, author = {Watanabe, Kyoko and Stringer, Sven and Frei, Oleksandr and Umićević Mirkov, Maša and de Leeuw, Christiaan and Polderman, Tinca J. C. and van der Sluis, Sophie and Andreassen, Ole A. and Neale, Benjamin M. and Posthuma, Danielle}, year = {2019}, month = {Aug}, pages = {1339–1348}}
@article{Whalen2021Navigating, title = {Navigating the pitfalls of applying machine learning in genomics}, url = {http://dx.doi.org/10.1038/s41576-021-00434-9}, DOI = {10.1038/s41576-021-00434-9}, journal = {Nature Reviews Genetics}, publisher = {Springer Science and Business Media LLC}, author = {Whalen, Sean and Schreiber, Jacob and Noble, William S. and Pollard, Katherine S.}, year = {2021}, month = {Nov}}
@article{Wilk2020A, title = {A single-cell atlas of the peripheral immune response in patients with severe COVID-19}, volume = {26}, url = {http://dx.doi.org/10.1038/s41591-020-0944-y}, DOI = {10.1038/s41591-020-0944-y}, number = {7}, journal = {Nature Medicine}, publisher = {Springer Science and Business Media LLC}, author = {Wilk, Aaron J. and Rustagi, Arjun and Zhao, Nancy Q. and Roque, Jonasel and Martínez-Colón, Giovanny J. and McKechnie, Julia L. and Ivison, Geoffrey T. and Ranganath, Thanmayi and Vergara, Rosemary and Hollis, Taylor and et al.}, year = {2020}, month = {Jun}, pages = {1070–1076}}
@article{Williamson2011Enhancers, title = {Enhancers: From Developmental Genetics to the Genetics of Common Human Disease}, volume = {21}, url = {http://dx.doi.org/10.1016/j.devcel.2011.06.008}, DOI = {10.1016/j.devcel.2011.06.008}, number = {1}, journal = {Developmental Cell}, publisher = {Elsevier BV}, author = {Williamson, Iain and Hill, Robert E. and Bickmore, Wendy A.}, year = {2011}, month = {Jul}, pages = {17–19}}
@article{Wu2020Characteristics, title = {Characteristics of and Important Lessons From the Coronavirus Disease 2019 (COVID-19) Outbreak in China}, volume = {323}, url = {http://dx.doi.org/10.1001/jama.2020.2648}, DOI = {10.1001/jama.2020.2648}, number = {13}, journal = {JAMA}, publisher = {American Medical Association (AMA)}, author = {Wu, Zunyou and McGoogan, Jennifer M.}, year = {2020}, month = {Apr}, pages = {1239}}
@article{Yan2017Network, title = {Network approaches to systems biology analysis of complex disease: integrative methods for multi-omics data}, url = {http://dx.doi.org/10.1093/bib/bbx066}, DOI = {10.1093/bib/bbx066}, journal = {Briefings in Bioinformatics}, publisher = {Oxford University Press (OUP)}, author = {Yan, Jingwen and Risacher, Shannon L and Shen, Li and Saykin, Andrew J.}, year = {2017}, month = {Jun}}
@article{Yan2020From, author = {Yan, Feng and Powell, David R. and Curtis, David J. and Wong, Nicholas C.}, journal = {Genome Biology}, title = {From reads to insight: a hitchhiker’s guide to ATAC-seq data analysis}, year = {2020}, month = {Feb}, number = {1}, volume = {21}, doi = {10.1186/s13059-020-1929-3}, publisher = {Springer Science and Business Media LLC}, url = {http://dx.doi.org/10.1186/s13059-020-1929-3}}
@article{Yang2020Review, title = {Review on the Application of Machine Learning Algorithms in the Sequence Data Mining of DNA}, volume = {8}, url = {http://dx.doi.org/10.3389/fbioe.2020.01032}, DOI = {10.3389/fbioe.2020.01032}, journal = {Frontiers in Bioengineering and Biotechnology}, publisher = {Frontiers Media SA}, author = {Yang, Aimin and Zhang, Wei and Wang, Jiahao and Yang, Ke and Han, Yang and Zhang, Limin}, year = {2020}, month = {Sep}}
@article{Zhang2020Allele, title = {Allele-specific open chromatin in human iPSC neurons elucidates functional disease variants}, volume = {369}, url = {http://dx.doi.org/10.1126/science.aay3983}, DOI = {10.1126/science.aay3983}, number = {6503}, journal = {Science}, publisher = {American Association for the Advancement of Science (AAAS)}, author = {Zhang, Siwei and Zhang, Hanwen and Zhou, Yifan and Qiao, Min and Zhao, Siming and Kozlova, Alena and Shi, Jianxin and Sanders, Alan R. and Wang, Gao and Luo, Kaixuan and et al.}, year = {2020}, month = {Jul}, pages = {561–565}}
@article{Zhang2020Single, title = {Single-cell landscape of immunological responses in patients with COVID-19}, volume = {21}, url = {http://dx.doi.org/10.1038/s41590-020-0762-x}, DOI = {10.1038/s41590-020-0762-x}, number = {9}, journal = {Nature Immunology}, publisher = {Springer Science and Business Media LLC}, author = {Zhang, Ji-Yuan and Wang, Xiang-Ming and Xing, Xudong and Xu, Zhe and Zhang, Chao and Song, Jin-Wen and Fan, Xing and Xia, Peng and Fu, Jun-Liang and Wang, Si-Yu and et al.}, year = {2020}, month = {Aug}, pages = {1107–1118}}
@article{Zhou2021Feature, title = {Do feature attribution methods correctly attribute features?}, DOI = {https://doi.org/10.48550/arXiv.2104.14403}, author = {Zhou, Yilun and Booth, Serena and Ribeiro, Marco Tulio and Shah, Julie}, journal = {arXiv preprint arXiv:2104.14403}, year = {2021} }
@article{Zou2019Leveraging, title = {Leveraging allelic imbalance to refine fine-mapping for eQTL studies}, volume = {15}, url = {http://dx.doi.org/10.1371/journal.pgen.1008481}, DOI = {10.1371/journal.pgen.1008481}, number = {12}, journal = {PLOS Genetics}, publisher = {Public Library of Science (PLoS)}, author = {Zou, Jennifer and Hormozdiari, Farhad and Jew, Brandon and Castel, Stephane E. and Lappalainen, Tuuli and Ernst, Jason and Sul, Jae Hoon and Eskin, Eleazar}, editor = {Wen, XiaoquanEditor}, year = {2019}, month = {Dec}, pages = {e1008481}}
@article{van2011Genome, title = {Genome-Wide Association Scan in HIV-1-Infected Individuals Identifying Variants Influencing Disease Course}, volume = {6}, url = {http://dx.doi.org/10.1371/journal.pone.0022208}, DOI = {10.1371/journal.pone.0022208}, number = {7}, journal = {PLoS ONE}, publisher = {Public Library of Science (PLoS)}, author = {van Manen, Daniëlle and Delaneau, Olivier and Kootstra, Neeltje A. and Boeser-Nunnink, Brigitte D. and Limou, Sophie and Bol, Sebastiaan M. and Burger, Judith A. and Zwinderman, Aeilko H. and Moerland, Perry D. and van ’t Slot, Ruben and et al.}, editor = {Darlix, Jean-Luc E. P. H.Editor}, year = {2011}, month = {Jul}, pages = {e22208}}


@article{Adams2018Next, title={Next-Generation Sequencing to Diagnose Suspected Genetic Disorders}, volume={379}, url={http://dx.doi.org/10.1056/nejmra1711801}, DOI={10.1056/nejmra1711801}, number={14}, journal={New England Journal of Medicine}, publisher={Massachusetts Medical Society}, author={Adams, David R. and Eng, Christine M.}, year={2018}, month={Oct}, pages={1353–1362}}
@article{Aguirre2020Deconvolution, title={Deconvolution of bulk blood eQTL effects into immune cell subpopulations}, volume={21}, url={http://dx.doi.org/10.1186/s12859-020-03576-5}, DOI={10.1186/s12859-020-03576-5}, number={1}, journal={BMC Bioinformatics}, publisher={Springer Science and Business Media LLC}, author={Aguirre-Gamboa, Raúl and de Klein, Niek and di Tommaso, Jennifer and Claringbould, Annique and van der Wijst, Monique GP and de Vries, Dylan and Brugge, Harm and Oelen, Roy and Võsa, Urmo and Zorro, Maria M. and et al.}, year={2020}, month={Jun}}
@article{Author2017Genetic, title={Genetic effects on gene expression across human tissues}, volume={550}, url={http://dx.doi.org/10.1038/nature24277}, DOI={10.1038/nature24277}, number={7675}, journal={Nature}, publisher={Springer Science and Business Media LLC}, year={2017}, month={Oct}, pages={204–213}}
@article{Berlivet2012Interaction, title={Interaction between genetic and epigenetic variation defines gene expression patterns at the asthma-associated locus 17q12-q21 in lymphoblastoid cell lines}, volume={131}, url={http://dx.doi.org/10.1007/s00439-012-1142-x}, DOI={10.1007/s00439-012-1142-x}, number={7}, journal={Human Genetics}, publisher={Springer Science and Business Media LLC}, author={Berlivet, Soizik and Moussette, Sanny and Ouimet, Manon and Verlaan, Dominique J. and Koka, Vonda and Al Tuwaijri, Abeer and Kwan, Tony and Sinnett, Daniel and Pastinen, Tomi and Naumova, Anna K.}, year={2012}, month={Jan}, pages={1161–1171}}
@article{Bestle2020TMPRSS2, title={TMPRSS2 and furin are both essential for proteolytic activation of SARS-CoV-2 in human airway cells}, volume={3}, url={http://dx.doi.org/10.26508/lsa.202000786}, DOI={10.26508/lsa.202000786}, number={9}, journal={Life Science Alliance}, publisher={Life Science Alliance, LLC}, author={Bestle, Dorothea and Heindl, Miriam Ruth and Limburg, Hannah and Van Lam van, Thuy and Pilgram, Oliver and Moulton, Hong and Stein, David A and Hardes, Kornelia and Eickmann, Markus and Dolnik, Olga and et al.}, year={2020}, month={Jul}, pages={e202000786}}
@article{Brady2010Antigen, title={Antigen Receptor Allelic Exclusion: An Update and Reappraisal}, volume={185}, url={http://dx.doi.org/10.4049/jimmunol.1001158}, DOI={10.4049/jimmunol.1001158}, number={7}, journal={The Journal of Immunology}, publisher={The American Association of Immunologists}, author={Brady, Brenna L. and Steinel, Natalie C. and Bassing, Craig H.}, year={2010}, month={Sep}, pages={3801–3808}}
@article{Byron2016Translating, title={Translating RNA sequencing into clinical diagnostics: opportunities and challenges}, volume={17}, url={http://dx.doi.org/10.1038/nrg.2016.10}, DOI={10.1038/nrg.2016.10}, number={5}, journal={Nature Reviews Genetics}, publisher={Springer Science and Business Media LLC}, author={Byron, Sara A. and Van Keuren-Jensen, Kendall R. and Engelthaler, David M. and Carpten, John D. and Craig, David W.}, year={2016}, month={Mar}, pages={257–271}}
@article{Chen2013Enrichr, title={Enrichr: interactive and collaborative HTML5 gene list enrichment analysis tool}, volume={14}, url={http://dx.doi.org/10.1186/1471-2105-14-128}, DOI={10.1186/1471-2105-14-128}, number={1}, journal={BMC Bioinformatics}, publisher={Springer Science and Business Media LLC}, author={Chen, Edward Y and Tan, Christopher M and Kou, Yan and Duan, Qiaonan and Wang, Zichen and Meirelles, Gabriela Vaz and Clark, Neil R and Ma’ayan, Avi}, year={2013}, month={Apr}}
@article{Daelemans2010High, title={High-throughput analysis of candidate imprinted genes and allele-specific gene expression in the human term placenta}, volume={11}, url={http://dx.doi.org/10.1186/1471-2156-11-25}, DOI={10.1186/1471-2156-11-25}, number={1}, journal={BMC Genetics}, publisher={Springer Science and Business Media LLC}, author={Daelemans, Caroline and Ritchie, Matthew E and Smits, Guillaume and Abu-Amero, Sayeda and Sudbery, Ian M and Forrest, Matthew S and Campino, Susana and Clark, Taane G and Stanier, Philip and Kwiatkowski, Dominic and et al.}, year={2010}, month={Apr}}
@article{DeVeale2012Critical, title={Critical Evaluation of Imprinted Gene Expression by RNA–Seq: A New Perspective}, volume={8}, url={http://dx.doi.org/10.1371/journal.pgen.1002600}, DOI={10.1371/journal.pgen.1002600}, number={3}, journal={PLoS Genetics}, publisher={Public Library of Science (PLoS)}, author={DeVeale, Brian and van der Kooy, Derek and Babak, Tomas}, editor={Ferguson-Smith, Anne C.Editor}, year={2012}, month={Mar}, pages={e1002600}}
@article{Emison2010Differential, title={Differential Contributions of Rare and Common, Coding and Noncoding Ret Mutations to Multifactorial Hirschsprung Disease Liability}, volume={87}, url={http://dx.doi.org/10.1016/j.ajhg.2010.06.007}, DOI={10.1016/j.ajhg.2010.06.007}, number={1}, journal={The American Journal of Human Genetics}, publisher={Elsevier BV}, author={Emison, Eileen Sproat and Garcia-Barcelo, Merce and Grice, Elizabeth A. and Lantieri, Francesca and Amiel, Jeanne and Burzynski, Grzegorz and Fernandez, Raquel M. and Hao, Li and Kashuk, Carl and West, Kristen and et al.}, year={2010}, month={Jul}, pages={60–74}}
@article{Finch2011TMEM106B, title={TMEM106B regulates progranulin levels and the penetrance of FTLD in GRN mutation carriers}, volume={76}, url={http://dx.doi.org/10.1212/wnl.0b013e31820a0e3b}, DOI={10.1212/wnl.0b013e31820a0e3b}, number={5}, journal={Neurology}, publisher={Ovid Technologies (Wolters Kluwer Health)}, author={Finch, N. and Carrasquillo, M. M. and Baker, M. and Rutherford, N. J. and Coppola, G. and DeJesus-Hernandez, M. and Crook, R. and Hunter, T. and Ghidoni, R. and Benussi, L. and et al.}, year={2011}, month={Feb}, pages={467–474}}
@article{Friedman2001Greedy, title={Greedy function approximation: A gradient boosting machine.}, volume={29}, url={http://dx.doi.org/10.1214/aos/1013203451}, DOI={10.1214/aos/1013203451}, number={5}, journal={The Annals of Statistics}, publisher={Institute of Mathematical Statistics}, author={Friedman, Jerome H.}, year={2001}, month={Oct}}
@article{Gicquel2005Epimutation, title={Epimutation of the telomeric imprinting center region on chromosome 11p15 in Silver-Russell syndrome}, volume={37}, url={http://dx.doi.org/10.1038/ng1629}, DOI={10.1038/ng1629}, number={9}, journal={Nature Genetics}, publisher={Springer Science and Business Media LLC}, author={Gicquel, Christine and Rossignol, Sylvie and Cabrol, Sylvie and Houang, Muriel and Steunou, Virginie and Barbu, Véronique and Danton, Fabienne and Thibaud, Nathalie and Merrer, Martine Le and Burglen, Lydie and et al.}, year={2005}, month={Aug}, pages={1003–1007}}
@article{Hamanaka2019RNA, title={RNA sequencing solved the most common but unrecognized NEB pathogenic variant in Japanese nemaline myopathy}, volume={21}, url={http://dx.doi.org/10.1038/s41436-018-0360-6}, DOI={10.1038/s41436-018-0360-6}, number={7}, journal={Genetics in Medicine}, publisher={Elsevier BV}, author={Hamanaka, Kohei and Miyatake, Satoko and Koshimizu, Eriko and Tsurusaki, Yoshinori and Mitsuhashi, Satomi and Iwama, Kazuhiro and Alkanaq, Ahmed N. and Fujita, Atsushi and Imagawa, Eri and Uchiyama, Yuri and et al.}, year={2019}, month={Jul}, pages={1629–1638}}
@article{Jagadeesh2019S, title={S-CAP extends pathogenicity prediction to genetic variants that affect RNA splicing}, volume={51}, url={http://dx.doi.org/10.1038/s41588-019-0348-4}, DOI={10.1038/s41588-019-0348-4}, number={4}, journal={Nature Genetics}, publisher={Springer Science and Business Media LLC}, author={Jagadeesh, Karthik A. and Paggi, Joseph M. and Ye, James S. and Stenson, Peter D. and Cooper, David N. and Bernstein, Jonathan A. and Bejerano, Gill}, year={2019}, month={Feb}, pages={755–763}}
@article{Jentarra2011Skewed, title={Skewed Allele-Specific Expression of theNF1Gene in Normal Subjects}, volume={27}, url={http://dx.doi.org/10.1177/0883073811423439}, DOI={10.1177/0883073811423439}, number={6}, journal={Journal of Child Neurology}, publisher={SAGE Publications}, author={Jentarra, Garilyn M. and Rice, Stephen Gabe and Olfers, Shannon and Rajan, Chris and Saffen, David M. and Narayanan, Vinodh}, year={2011}, month={Nov}, pages={695–702}}
@article{Karczewski2020The, title={The mutational constraint spectrum quantified from variation in 141,456 humans}, volume={581}, url={http://dx.doi.org/10.1038/s41586-020-2308-7}, DOI={10.1038/s41586-020-2308-7}, number={7809}, journal={Nature}, publisher={Springer Science and Business Media LLC}, author={Karczewski, Konrad J. and Francioli, Laurent C. and Tiao, Grace and Cummings, Beryl B. and Alföldi, Jessica and Wang, Qingbo and Collins, Ryan L. and Laricchia, Kristen M. and Ganna, Andrea and Birnbaum, Daniel P. and et al.}, year={2020}, month={May}, pages={434–443}}
@article{Kircher2014A, title={A general framework for estimating the relative pathogenicity of human genetic variants}, volume={46}, url={http://dx.doi.org/10.1038/ng.2892}, DOI={10.1038/ng.2892}, number={3}, journal={Nature Genetics}, publisher={Springer Science and Business Media LLC}, author={Kircher, Martin and Witten, Daniela M and Jain, Preti and O’Roak, Brian J and Cooper, Gregory M and Shendure, Jay}, year={2014}, month={Feb}, pages={310–315}}
@article{Knight2004Allele, title={Allele-specific gene expression uncovered}, volume={20}, url={http://dx.doi.org/10.1016/j.tig.2004.01.001}, DOI={10.1016/j.tig.2004.01.001}, number={3}, journal={Trends in Genetics}, publisher={Elsevier BV}, author={Knight, Julian C}, year={2004}, month={Mar}, pages={113–116}}
@article{Kremer2017Genetic, title={Genetic diagnosis of Mendelian disorders via RNA sequencing}, volume={8}, url={http://dx.doi.org/10.1038/ncomms15824}, DOI={10.1038/ncomms15824}, number={1}, journal={Nature Communications}, publisher={Springer Science and Business Media LLC}, author={Kremer, Laura S. and Bader, Daniel M. and Mertes, Christian and Kopajtich, Robert and Pichler, Garwin and Iuso, Arcangela and Haack, Tobias B. and Graf, Elisabeth and Schwarzmayr, Thomas and Terrile, Caterina and et al.}, year={2017}, month={Jun}}
@article{Kukurba2014Allelic, title={Allelic Expression of Deleterious Protein-Coding Variants across Human Tissues}, volume={10}, url={http://dx.doi.org/10.1371/journal.pgen.1004304}, DOI={10.1371/journal.pgen.1004304}, number={5}, journal={PLoS Genetics}, publisher={Public Library of Science (PLoS)}, author={Kukurba, Kimberly R. and Zhang, Rui and Li, Xin and Smith, Kevin S. and Knowles, David A. and How Tan, Meng and Piskol, Robert and Lek, Monkol and Snyder, Michael and MacArthur, Daniel G. and et al.}, editor={Gibson, GregEditor}, year={2014}, month={May}, pages={e1004304}}
@article{Kuleshov2016Enrichr, title={Enrichr: a comprehensive gene set enrichment analysis web server 2016 update}, volume={44}, url={http://dx.doi.org/10.1093/nar/gkw377}, DOI={10.1093/nar/gkw377}, number={W1}, journal={Nucleic Acids Research}, publisher={Oxford University Press (OUP)}, author={Kuleshov, Maxim V. and Jones, Matthew R. and Rouillard, Andrew D. and Fernandez, Nicolas F. and Duan, Qiaonan and Wang, Zichen and Koplev, Simon and Jenkins, Sherry L. and Jagodnik, Kathleen M. and Lachmann, Alexander and et al.}, year={2016}, month={May}, pages={W90–W97}}
@article{Landrum2013ClinVar, title={ClinVar: public archive of relationships among sequence variation and human phenotype}, volume={42}, url={http://dx.doi.org/10.1093/nar/gkt1113}, DOI={10.1093/nar/gkt1113}, number={D1}, journal={Nucleic Acids Research}, publisher={Oxford University Press (OUP)}, author={Landrum, Melissa J. and Lee, Jennifer M. and Riley, George R. and Jang, Wonhee and Rubinstein, Wendy S. and Church, Deanna M. and Maglott, Donna R.}, year={2013}, month={Nov}, pages={D980–D985}}
@article{Lee2009A, title={A Robust Approach to Identifying Tissue-Specific Gene Expression Regulatory Variants Using Personalized Human Induced Pluripotent Stem Cells}, volume={5}, url={http://dx.doi.org/10.1371/journal.pgen.1000718}, DOI={10.1371/journal.pgen.1000718}, number={11}, journal={PLoS Genetics}, publisher={Public Library of Science (PLoS)}, author={Lee, Je-Hyuk and Park, In-Hyun and Gao, Yuan and Li, Jin Billy and Li, Zhe and Daley, George Q. and Zhang, Kun and Church, George M.}, editor={Hayashizaki, YoshihideEditor}, year={2009}, month={Nov}, pages={e1000718}}
@article{Lek2016Analysis, title={Analysis of protein-coding genetic variation in 60,706 humans}, volume={536}, url={http://dx.doi.org/10.1038/nature19057}, DOI={10.1038/nature19057}, number={7616}, journal={Nature}, publisher={Springer Science and Business Media LLC}, author={Lek, Monkol and Karczewski, Konrad J. and Minikel, Eric V. and Samocha, Kaitlin E. and Banks, Eric and Fennell, Timothy and O’Donnell-Luria, Anne H. and Ware, James S. and Hill, Andrew J. and et al.}, year={2016}, month={Aug}, pages={285–291}}
@article{Li2018Increasing, title={Increasing diagnostic yield by RNA-Sequencing in rare disease—bypass hurdles of interpreting intronic or splice-altering variants}, volume={6}, url={http://dx.doi.org/10.21037/atm.2018.01.14}, DOI={10.21037/atm.2018.01.14}, number={7}, journal={Annals of Translational Medicine}, publisher={AME Publishing Company}, author={Li, Dong and Tian, Lifeng and Hakonarson, Hakon}, year={2018}, month={Apr}, pages={126–126}}
@article{Li2020CAPICE, title={CAPICE: a computational method for Consequence-Agnostic Pathogenicity Interpretation of Clinical Exome variations}, volume={12}, url={http://dx.doi.org/10.1186/s13073-020-00775-w}, DOI={10.1186/s13073-020-00775-w}, number={1}, journal={Genome Medicine}, publisher={Springer Science and Business Media LLC}, author={Li, Shuang and van der Velde, K. Joeri and de Ridder, Dick and van Dijk, Aalt D. J. and Soudis, Dimitrios and Zwerwer, Leslie R. and Deelen, Patrick and Hendriksen, Dennis and Charbon, Bart and van Gijn, Marielle E. and et al.}, year={2020}, month={Aug}}
@article{Lo2003Allelic, title={Allelic Variation in Gene Expression Is Common in the Human Genome}, volume={13}, url={http://dx.doi.org/10.1101/gr.1006603}, DOI={10.1101/gr.1006603}, number={8}, journal={Genome Research}, publisher={Cold Spring Harbor Laboratory}, author={Lo, H. Shuen and Wang, Zhining and Hu, Ying and Yang, Howard H. and Gere, Sheryl and Buetow, Kenneth H. and Lee, Maxwell P.}, year={2003}, month={Aug}, pages={1855–1862}}
@article{Maia2012Effects, title={Effects of BRCA2 cis-regulation in normal breast and cancer risk amongst BRCA2 mutation carriers}, volume={14}, url={http://dx.doi.org/10.1186/bcr3169}, DOI={10.1186/bcr3169}, number={2}, journal={Breast Cancer Research}, publisher={Springer Science and Business Media LLC}, author={Maia, Ana-Teresa and Antoniou, Antonis C and O’Reilly, Martin and Samarajiwa, Shamith and Dunning, Mark and Kartsonaki, Christiana and Chin, Suet-Feung and Curtis, Christina N and McGuffog, Lesley and et al.}, year={2012}, month={Apr}}
@article{Marco2019RNA, title={RNA-Seq Perspectives to Improve Clinical Diagnosis}, volume={10}, url={http://dx.doi.org/10.3389/fgene.2019.01152}, DOI={10.3389/fgene.2019.01152}, journal={Frontiers in Genetics}, publisher={Frontiers Media SA}, author={Marco-Puche, Guillermo and Lois, Sergio and Benítez, Javier and Trivino, Juan Carlos}, year={2019}, month={Nov}}
@article{Miller2014Nonsense, title={Nonsense-mediated decay in genetic disease: Friend or foe?}, volume={762}, url={http://dx.doi.org/10.1016/j.mrrev.2014.05.001}, DOI={10.1016/j.mrrev.2014.05.001}, journal={Mutation Research/Reviews in Mutation Research}, publisher={Elsevier BV}, author={Miller, Jake N. and Pearce, David A.}, year={2014}, month={Oct}, pages={52–64}}
@article{Mohammadi2019Genetic, title={Genetic regulatory variation in populations informs transcriptome analysis in rare disease}, volume={366}, url={http://dx.doi.org/10.1126/science.aay0256}, DOI={10.1126/science.aay0256}, number={6463}, journal={Science}, publisher={American Association for the Advancement of Science (AAAS)}, author={Mohammadi, Pejman and Castel, Stephane E. and Cummings, Beryl B. and Einson, Jonah and Sousa, Christina and Hoffman, Paul and Donkervoort, Sandra and Jiang, Zhuoxun and Mohassel, Payam and Foley, A. Reghan and et al.}, year={2019}, month={Oct}, pages={351–356}}
@article{Patel2017A, title={A critical review on serine protease: Key immune manipulator and pathology mediator}, volume={45}, url={http://dx.doi.org/10.1016/j.aller.2016.10.011}, DOI={10.1016/j.aller.2016.10.011}, number={6}, journal={Allergologia et Immunopathologia}, publisher={Codon Publications}, author={Patel, S.}, year={2017}, month={Nov}, pages={579–591}}
@article{Plath2002Xist, title={Xist RNA and the Mechanism of X Chromosome Inactivation}, volume={36}, url={http://dx.doi.org/10.1146/annurev.genet.36.042902.092433}, DOI={10.1146/annurev.genet.36.042902.092433}, number={1}, journal={Annual Review of Genetics}, publisher={Annual Reviews}, author={Plath, Kathrin and Mlynarczyk-Evans, Susanna and Nusinow, Dmitri A. and Panning, Barbara}, year={2002}, month={Dec}, pages={233–278}}
@article{Raghupathy2018Hierarchical, title={Hierarchical analysis of RNA-seq reads improves the accuracy of allele-specific expression}, volume={34}, url={http://dx.doi.org/10.1093/bioinformatics/bty078}, DOI={10.1093/bioinformatics/bty078}, number={13}, journal={Bioinformatics}, publisher={Oxford University Press (OUP)}, author={Raghupathy, Narayanan and Choi, Kwangbom and Vincent, Matthew J and Beane, Glen L and Sheppard, Keith S and Munger, Steven C and Korstanje, Ron and Pardo-Manual de Villena, Fernando and Churchill, Gary A}, editor={Valencia, AlfonsoEditor}, year={2018}, month={Feb}, pages={2177–2184}}
@article{Rahit2020Genetic, title={Genetic Modifiers and Rare Mendelian Disease}, volume={11}, url={http://dx.doi.org/10.3390/genes11030239}, DOI={10.3390/genes11030239}, number={3}, journal={Genes}, publisher={MDPI AG}, author={Rahit, K. M. Tahsin Hassan and Tarailo-Graovac, Maja}, year={2020}, month={Feb}, pages={239}}
@article{Rao2019Allele, title={Allele-specific expression and high-throughput reporter assay reveal functional genetic variants associated with alcohol use disorders}, volume={26}, url={http://dx.doi.org/10.1038/s41380-019-0508-z}, DOI={10.1038/s41380-019-0508-z}, number={4}, journal={Molecular Psychiatry}, publisher={Springer Science and Business Media LLC}, author={Rao, Xi and Thapa, Kriti S. and Chen, Andy B. and Lin, Hai and Gao, Hongyu and Reiter, Jill L. and Hargreaves, Katherine A. and Ipe, Joseph and Lai, Dongbing and Xuei, Xiaoling and et al.}, year={2019}, month={Sep}, pages={1142–1151}}
@article{Richards2015Standards, title={Standards and guidelines for the interpretation of sequence variants: a joint consensus recommendation of the American College of Medical Genetics and Genomics and the Association for Molecular Pathology}, volume={17}, url={http://dx.doi.org/10.1038/gim.2015.30}, DOI={10.1038/gim.2015.30}, number={5}, journal={Genetics in Medicine}, publisher={Elsevier BV}, author={Richards, Sue and Aziz, Nazneen and Bale, Sherri and Bick, David and Das, Soma and Gastier-Foster, Julie and Grody, Wayne W. and Hegde, Madhuri and Lyon, Elaine and Spector, Elaine and et al.}, year={2015}, month={May}, pages={405–424}}
@article{Riggs1975X, title={X inactivation, differentiation, and DNA methylation}, volume={14}, url={http://dx.doi.org/10.1159/000130315}, DOI={10.1159/000130315}, number={1}, journal={Cytogenetic and Genome Research}, publisher={S. Karger AG}, author={Riggs, A.D.}, year={1975}, pages={9–25}}
@article{Rose2013DominantPRPF31Mutations, title={Dominant PRPF31 Mutations Are Hypostatic to a Recessive CNOT3 Polymorphism in Retinitis Pigmentosa: A Novel Phenomenon of “LinkedTrans-Acting Epistasis”}, volume={78}, url={http://dx.doi.org/10.1111/ahg.12042}, DOI={10.1111/ahg.12042}, number={1}, journal={Annals of Human Genetics}, publisher={Wiley}, author={Rose, Anna M. and Shah, Amna Z. and Venturini, Giulia and Rivolta, Carlo and Rose, Geoffrey E. and Bhattacharya, Shomi S.}, year={2013}, month={Oct}, pages={62–71}}
@article{Saeidian2020Research, title={Research Techniques Made Simple: Whole-Transcriptome Sequencing by RNA-Seq for Diagnosis of Monogenic Disorders}, volume={140}, url={http://dx.doi.org/10.1016/j.jid.2020.02.032}, DOI={10.1016/j.jid.2020.02.032}, number={6}, journal={Journal of Investigative Dermatology}, publisher={Elsevier BV}, author={Saeidian, Amir Hossein and Youssefian, Leila and Vahidnezhad, Hassan and Uitto, Jouni}, year={2020}, month={Jun}, pages={1117–1126.e1}}
@article{Shvetsova2018Skewed, title={Skewed X-inactivation is common in the general female population}, volume={27}, url={http://dx.doi.org/10.1038/s41431-018-0291-3}, DOI={10.1038/s41431-018-0291-3}, number={3}, journal={European Journal of Human Genetics}, publisher={Springer Science and Business Media LLC}, author={Shvetsova, Ekaterina and Sofronova, Alina and Monajemi, Ramin and Gagalova, Kristina and Draisma, Harmen H. M. and White, Stefan J. and Santen, Gijs W. E. and Chuva de Sousa Lopes, Susana M. and Heijmans, Bastiaan T. and et al.}, year={2018}, month={Dec}, pages={455–465}}
@article{Solomon2013Clinical, title={Clinical Genomic Database}, volume={110}, url={http://dx.doi.org/10.1073/pnas.1302575110}, DOI={10.1073/pnas.1302575110}, number={24}, journal={Proceedings of the National Academy of Sciences}, publisher={Proceedings of the National Academy of Sciences}, author={Solomon, B. D. and Nguyen, A.-D. and Bear, K. A. and Wolfsberg, T. G.}, year={2013}, month={May}, pages={9851–9855}}
@article{Tang2011Deterministic, title={Deterministic and Stochastic Allele Specific Gene Expression in Single Mouse Blastomeres}, volume={6}, url={http://dx.doi.org/10.1371/journal.pone.0021208}, DOI={10.1371/journal.pone.0021208}, number={6}, journal={PLoS ONE}, publisher={Public Library of Science (PLoS)}, author={Tang, Fuchou and Barbacioru, Catalin and Nordman, Ellen and Bao, Siqin and Lee, Caroline and Wang, Xiaohui and Tuch, Brian B. and Heard, Edith and Lao, Kaiqin and Surani, M. Azim}, editor={Pesce, MaurizioEditor}, year={2011}, month={Jun}, pages={e21208}}
@article{Tian2018Genome, title={Genome-wide comparison of allele-specific gene expression between African and European populations}, volume={27}, url={http://dx.doi.org/10.1093/hmg/ddy027}, DOI={10.1093/hmg/ddy027}, number={6}, journal={Human Molecular Genetics}, publisher={Oxford University Press (OUP)}, author={Tian, Lei and Khan, Asifullah and Ning, Zhilin and Yuan, Kai and Zhang, Chao and Lou, Haiyi and Yuan, Yuan and Xu, Shuhua}, year={2018}, month={Jan}, pages={1067–1077}}
@article{Tukiainen2017Landscape, title={Landscape of X chromosome inactivation across human tissues}, volume={550}, url={http://dx.doi.org/10.1038/nature24265}, DOI={10.1038/nature24265}, number={7675}, journal={Nature}, publisher={Springer Science and Business Media LLC}, author={Tukiainen, Taru and Villani, Alexandra-Chloé and Yen, Angela and Rivas, Manuel A. and Marshall, Jamie L. and Satija, Rahul and Aguirre, Matt and Gauthier, Laura and Fleharty, Mark and et al.}, year={2017}, month={Oct}, pages={244–248}}
@article{Vettermann2010Allelic, title={Allelic exclusion of immunoglobulin genes: models and mechanisms}, volume={237}, url={http://dx.doi.org/10.1111/j.1600-065x.2010.00935.x}, DOI={10.1111/j.1600-065x.2010.00935.x}, number={1}, journal={Immunological Reviews}, publisher={Wiley}, author={Vettermann, Christian and Schlissel, Mark S.}, year={2010}, month={Aug}, pages={22–42}}
@article{Volk2017The, title={The rapid evolution of molecular genetic diagnostics in neuromuscular diseases}, volume={30}, url={http://dx.doi.org/10.1097/wco.0000000000000478}, DOI={10.1097/wco.0000000000000478}, number={5}, journal={Current Opinion in Neurology}, publisher={Ovid Technologies (Wolters Kluwer Health)}, author={Volk, Alexander E. and Kubisch, Christian}, year={2017}, month={Oct}, pages={523–528}}
@article{Yan2002Allelic, title={Allelic Variation in Human Gene Expression}, volume={297}, url={http://dx.doi.org/10.1126/science.1072545}, DOI={10.1126/science.1072545}, number={5584}, journal={Science}, publisher={American Association for the Advancement of Science (AAAS)}, author={Yan, Hai and Yuan, Weishi and Velculescu, Victor E. and Vogelstein, Bert and Kinzler, Kenneth W.}, year={2002}, month={Aug}, pages={1143–1143}}
@article{Zhernakova2016Identification, title={Identification of context-dependent expression quantitative trait loci in whole blood}, volume={49}, url={http://dx.doi.org/10.1038/ng.3737}, DOI={10.1038/ng.3737}, number={1}, journal={Nature Genetics}, publisher={Springer Science and Business Media LLC}, author={Zhernakova, Daria V and Deelen, Patrick and Vermaat, Martijn and van Iterson, Maarten and van Galen, Michiel and Arindrarto, Wibowo and van  ’t Hof, Peter and Mei, Hailiang and van Dijk, Freerk and Westra, Harm-Jan and et al.}, year={2016}, month={Dec}, pages={139–145}}
@article{de2009Genetic, title={Genetic predisposition to human disease: allele-specific expression and low-penetrance regulatory loci}, volume={28}, url={http://dx.doi.org/10.1038/onc.2009.194}, DOI={10.1038/onc.2009.194}, number={38}, journal={Oncogene}, publisher={Springer Science and Business Media LLC}, author={de la Chapelle, A}, year={2009}, month={Jul}, pages={3345–3348}}
@article{de2020Imbalanced, title={Imbalanced expression for predicted high-impact, autosomal-dominant variants in a cohort of 3,818 healthy samples}, url={http://dx.doi.org/10.1101/2020.09.19.300095}, DOI={10.1101/2020.09.19.300095}, publisher={Cold Spring Harbor Laboratory}, author={de Klein, Niek and van Dijk, Freerk and Deelen, Patrick and Urzua, Carlos G. and Claringbould, Annique and Võsa, Urmo and Verlouw, Joost A.M. and Monajemi, Ramin and ‘t Hoen, Peter A.C. and Sinke, Richard J. and et al.}, year={2020}, month={Sep}}


@article{Bader2015Negative, title={Negative feedback buffers effects of regulatory variants}, volume={11}, url={http://dx.doi.org/10.15252/msb.20145844}, DOI={10.15252/msb.20145844}, number={1}, journal={Molecular Systems Biology}, publisher={EMBO}, author={Bader, Daniel M and Wilkening, Stefan and Lin, Gen and Tekkedil, Manu M and Dietrich, Kim and Steinmetz, Lars M and Gagneur, Julien}, year={2015}, month={Jan}, pages={785}}
@article{Balliu2019Genetic, title={Genetic regulation of gene expression and splicing during a 10-year period of human aging}, volume={20}, url={http://dx.doi.org/10.1186/s13059-019-1840-y}, DOI={10.1186/s13059-019-1840-y}, number={1}, journal={Genome Biology}, publisher={Springer Science and Business Media LLC}, author={Balliu, Brunilda and Durrant, Matthew and Goede, Olivia de and Abell, Nathan and Li, Xin and Liu, Boxiang and Gloudemans, Michael J. and Cook, Naomi L. and Smith, Kevin S. and Knowles, David A. and et al.}, year={2019}, month={Nov}}
@article{Castel2015Tools, title={Tools and best practices for data processing in allelic expression analysis}, volume={16}, url={http://dx.doi.org/10.1186/s13059-015-0762-6}, DOI={10.1186/s13059-015-0762-6}, number={1}, journal={Genome Biology}, publisher={Springer Science and Business Media LLC}, author={Castel, Stephane E. and Levy-Moonshine, Ami and Mohammadi, Pejman and Banks, Eric and Lappalainen, Tuuli}, year={2015}, month={Sep}}
@article{Chen2018fastp, title={fastp: an ultra-fast all-in-one FASTQ preprocessor}, volume={34}, url={http://dx.doi.org/10.1093/bioinformatics/bty560}, DOI={10.1093/bioinformatics/bty560}, number={17}, journal={Bioinformatics}, publisher={Oxford University Press (OUP)}, author={Chen, Shifu and Zhou, Yanqing and Chen, Yaru and Gu, Jia}, year={2018}, month={Sep}, pages={i884–i890}}
@article{Dobin2012STAR, title={STAR: ultrafast universal RNA-seq aligner}, volume={29}, url={http://dx.doi.org/10.1093/bioinformatics/bts635}, DOI={10.1093/bioinformatics/bts635}, number={1}, journal={Bioinformatics}, publisher={Oxford University Press (OUP)}, author={Dobin, Alexander and Davis, Carrie A. and Schlesinger, Felix and Drenkow, Jorg and Zaleski, Chris and Jha, Sonali and Batut, Philippe and Chaisson, Mark and Gingeras, Thomas R.}, year={2012}, month={Oct}, pages={15–21}}
@article{Ge2009Global, title={Global patterns of cis variation in human cells revealed by high-density allelic expression analysis}, volume={41}, url={http://dx.doi.org/10.1038/ng.473}, DOI={10.1038/ng.473}, number={11}, journal={Nature Genetics}, publisher={Springer Science and Business Media LLC}, author={Ge, Bing and Pokholok, Dmitry K and Kwan, Tony and Grundberg, Elin and Morcos, Lisanne and Verlaan, Dominique J and Le, Jennie and Koka, Vonda and Lam, Kevin C L and Gagné, Vincent and et al.}, year={2009}, month={Oct}, pages={1216–1222}}
@article{Hoek2021WASP, title={WASP: a versatile, web-accessible single cell RNA-Seq processing platform}, volume={22}, url={http://dx.doi.org/10.1186/s12864-021-07469-6}, DOI={10.1186/s12864-021-07469-6}, number={1}, journal={BMC Genomics}, publisher={Springer Science and Business Media LLC}, author={Hoek, Andreas and Maibach, Katharina and Özmen, Ebru and Vazquez-Armendariz, Ana Ivonne and Mengel, Jan Philipp and Hain, Torsten and Herold, Susanne and Goesmann, Alexander}, year={2021}, month={Mar}}
@article{Howe2020Ensembl, title={Ensembl 2021}, volume={49}, url={http://dx.doi.org/10.1093/nar/gkaa942}, DOI={10.1093/nar/gkaa942}, number={D1}, journal={Nucleic Acids Research}, publisher={Oxford University Press (OUP)}, author={Howe, Kevin L and Achuthan, Premanand and Allen, James and Allen, Jamie and Alvarez-Jarreta, Jorge and Amode, M Ridwan and Armean, Irina M and Azov, Andrey G and Bennett, Ruth and Bhai, Jyothish and et al.}, year={2020}, month={Nov}, pages={D884–D891}}
@article{Langmyhr2021Allele, title={Allele-specific expression of Parkinson’s disease susceptibility genes in human brain}, volume={11}, url={http://dx.doi.org/10.1038/s41598-020-79990-9}, DOI={10.1038/s41598-020-79990-9}, number={1}, journal={Scientific Reports}, publisher={Springer Science and Business Media LLC}, author={Langmyhr, Margrete and Henriksen, Sandra Pilar and Cappelletti, Chiara and van de Berg, Wilma D. J. and Pihlstrøm, Lasse and Toft, Mathias}, year={2021}, month={Jan}}
@article{Lappalainen2013Transcriptome, title={Transcriptome and genome sequencing uncovers functional variation in humans}, volume={501}, url={http://dx.doi.org/10.1038/nature12531}, DOI={10.1038/nature12531}, number={7468}, journal={Nature}, publisher={Springer Science and Business Media LLC}, author={Lappalainen, Tuuli and Sammeth, Michael and Friedländer, Marc R. and ‘t Hoen, Peter A. C. and Monlong, Jean and Rivas, Manuel A. and Gonzàlez-Porta, Mar and Kurbatova, Natalja and Griebel, Thasso and et al.}, year={2013}, month={Sep}, pages={506–511}}
@article{Lefebvre2012Genotype, title={Genotype-Based Test in Mapping Cis-Regulatory Variants from Allele-Specific Expression Data}, volume={7}, url={http://dx.doi.org/10.1371/journal.pone.0038667}, DOI={10.1371/journal.pone.0038667}, number={6}, journal={PLoS ONE}, publisher={Public Library of Science (PLoS)}, author={Lefebvre, Jean Francois and Vello, Emilio and Ge, Bing and Montgomery, Stephen B. and Dermitzakis, Emmanouil T. and Pastinen, Tomi and Labuda, Damian}, editor={Emmert-Streib, FrankEditor}, year={2012}, month={Jun}, pages={e38667}}
@article{Liu2018A, title={A Genome-Wide Study of Allele-Specific Expression in Colorectal Cancer}, volume={9}, url={http://dx.doi.org/10.3389/fgene.2018.00570}, DOI={10.3389/fgene.2018.00570}, journal={Frontiers in Genetics}, publisher={Frontiers Media SA}, author={Liu, Zhi and Dong, Xiao and Li, Yixue}, year={2018}, month={Nov}}
@article{Pastinen2010Genome, title={Genome-wide allele-specific analysis: insights into regulatory variation}, volume={11}, url={http://dx.doi.org/10.1038/nrg2815}, DOI={10.1038/nrg2815}, number={8}, journal={Nature Reviews Genetics}, publisher={Springer Science and Business Media LLC}, author={Pastinen, Tomi}, year={2010}, month={Jun}, pages={533–538}}
@article{Pickrell2010Understanding, title={Understanding mechanisms underlying human gene expression variation with RNA sequencing}, volume={464}, url={http://dx.doi.org/10.1038/nature08872}, DOI={10.1038/nature08872}, number={7289}, journal={Nature}, publisher={Springer Science and Business Media LLC}, author={Pickrell, Joseph K. and Marioni, John C. and Pai, Athma A. and Degner, Jacob F. and Engelhardt, Barbara E. and Nkadori, Everlyne and Veyrieras, Jean-Baptiste and Stephens, Matthew and Gilad, Yoav and Pritchard, Jonathan K.}, year={2010}, month={Mar}, pages={768–772}}
@article{Przytycki2020Differential, title={Differential Allele-Specific Expression Uncovers Breast Cancer Genes Dysregulated by Cis Noncoding Mutations}, volume={10}, url={http://dx.doi.org/10.1016/j.cels.2020.01.002}, DOI={10.1016/j.cels.2020.01.002}, number={2}, journal={Cell Systems}, publisher={Elsevier BV}, author={Przytycki, Pawel F. and Singh, Mona}, year={2020}, month={Feb}, pages={193–203.e4}}
@article{Explainable2020Xie, title={Explainable deep learning: A field guide for the uninitiated}, DOI={https://doi.org/10.48550/arXiv.2004.14545}, author={Xie, Ning and Ras, Gabrielle and van Gerven, Marcel and Doran, Derek}, journal={arXiv preprint arXiv:2004.14545}, year={2020} }
@article{Image2018Yin, title={An image representation based convolutional network for DNA classification}, author={Yin, Bojian and Balvert, Marleen and Zambrano, Davide and Sch{\"o}nhuth, Alexander and Bohte, Sander}, journal={arXiv preprint arXiv:1806.04931}, year={2018} }



@article{Alidjinou2017The, title={The history of plasma viral load and CD4 count impacts the size of HIV-1 reservoir}, volume={74}, url={http://dx.doi.org/10.1016/j.jinf.2016.12.002}, DOI={10.1016/j.jinf.2016.12.002}, number={4}, journal={Journal of Infection}, publisher={Elsevier BV}, author={Alidjinou, E.K. and Robineau, O. and Chéret, A. and Ajana, F. and Drumez, E. and Kyheng, M. and Choisy, P. and Hober, D. and Bocket, L.}, year={2017}, month={Apr}, pages={420–422}}
@article{Ananworanich2015How, title={How does the timing of antiretroviral therapy initiation in acute infection affect HIV reservoirs?}, volume={10}, url={http://dx.doi.org/10.1097/COH.0000000000000122}, DOI={10.1097/coh.0000000000000122}, number={1}, journal={Current Opinion in HIV and AIDS}, publisher={Ovid Technologies (Wolters Kluwer Health)}, author={Ananworanich, Jintanat and Dubé, Karine and Chomont, Nicolas}, year={2015}, month={Jan}, pages={18–28}}
@article{Author2010The, title={The Major Genetic Determinants of HIV-1 Control Affect HLA Class I Peptide Presentation}, volume={330}, url={http://dx.doi.org/10.1126/science.1195271}, DOI={10.1126/science.1195271}, number={6010}, journal={Science}, publisher={American Association for the Advancement of Science (AAAS)}, year={2010}, month={Dec}, pages={1551–1557}}
@article{Baxter2014Macrophage, title={Macrophage Infection via Selective Capture of HIV-1-Infected CD4+ T Cells}, volume={16}, url={http://dx.doi.org/10.1016/j.chom.2014.10.010}, DOI={10.1016/j.chom.2014.10.010}, number={6}, journal={Cell Host \& Microbe}, publisher={Elsevier BV}, author={Baxter, Amy E. and Russell, Rebecca A. and Duncan, Christopher J.A. and Moore, Michael D. and Willberg, Christian B. and Pablos, Jose L. and Finzi, Andrés and Kaufmann, Daniel E. and Ochsenbauer, Christina and Kappes, John C. and et al.}, year={2014}, month={Dec}, pages={711–721}}
@article{Biswas1992Interferon, title={Interferon gamma induces the expression of human immunodeficiency virus in persistently infected promonocytic cells (U1) and redirects the production of virions to intracytoplasmic vacuoles in phorbol myristate acetate-differentiated U1 cells.}, volume={176}, url={http://dx.doi.org/10.1084/jem.176.3.739}, DOI={10.1084/jem.176.3.739}, number={3}, journal={Journal of Experimental Medicine}, publisher={Rockefeller University Press}, author={Biswas, P and Poli, G and Kinter, A L and Justement, J S and Stanley, S K and Maury, W J and Bressler, P and Orenstein, J M and Fauci, A S}, year={1992}, month={Sep}, pages={739–750}}
@article{Boulassel2012CD4, title={CD4 T cell nadir independently predicts the magnitude of the HIV reservoir after prolonged suppressive antiretroviral therapy}, volume={53}, url={http://dx.doi.org/10.1016/j.jcv.2011.09.018}, DOI={10.1016/j.jcv.2011.09.018}, number={1}, journal={Journal of Clinical Virology}, publisher={Elsevier BV}, author={Boulassel, Mohamed-Rachid and Chomont, Nicolas and Pai, Nitika Pant and Gilmore, Norbert and Sékaly, Rafick-Pierre and Routy, Jean-Pierre}, year={2012}, month={Jan}, pages={29–32}}
@article{Boyle2012Annotation, title={Annotation of functional variation in personal genomes using RegulomeDB}, volume={22}, url={http://dx.doi.org/10.1101/gr.137323.112}, DOI={10.1101/gr.137323.112}, number={9}, journal={Genome Research}, publisher={Cold Spring Harbor Laboratory}, author={Boyle, Alan P. and Hong, Eurie L. and Hariharan, Manoj and Cheng, Yong and Schaub, Marc A. and Kasowski, Maya and Karczewski, Konrad J. and Park, Julie and Hitz, Benjamin C. and Weng, Shuai and et al.}, year={2012}, month={Sep}, pages={1790–1797}}
@article{Bériault2004A, title={A Late Role for the Association of hnRNP A2 with the HIV-1 hnRNP A2 Response Elements in Genomic RNA, Gag, and Vpr Localization}, volume={279}, url={http://dx.doi.org/10.1074/jbc.M404691200}, DOI={10.1074/jbc.m404691200}, number={42}, journal={Journal of Biological Chemistry}, publisher={Elsevier BV}, author={Bériault, Véronique and Clément, Jean-François and Lévesque, Kathy and LeBel, Catherine and Yong, Xiao and Chabot, Benoit and Cohen, Éric A. and Cochrane, Alan W. and Rigby, William F.C. and Mouland, Andrew J.}, year={2004}, month={Oct}, pages={44141–44153}}
@article{Chua2019Roles, title={Roles of phosphatidylserine exposed on the viral envelope and cell membrane in HIV-1 replication}, volume={17}, url={http://dx.doi.org/10.1186/s12964-019-0452-1}, DOI={10.1186/s12964-019-0452-1}, number={1}, journal={Cell Communication and Signaling}, publisher={Springer Science and Business Media LLC}, author={Chua, Bernadette Anne and Ngo, Jamie Ann and Situ, Kathy and Morizono, Kouki}, year={2019}, month={Oct}}
@article{Chun2002Relationship, title={Relationship between the Size of the Human Immunodeficiency Virus Type 1 (HIV‐1) Reservoir in Peripheral Blood CD4+T Cells and CD4+:CD8+T Cell Ratios in Aviremic HIV‐1–Infected Individuals Receiving Long‐Term Highly Active Antiretroviral Therapy}, volume={185}, url={http://dx.doi.org/10.1086/340521}, DOI={10.1086/340521}, number={11}, journal={The Journal of Infectious Diseases}, publisher={Oxford University Press (OUP)}, author={Chun, Tae‐Wook and Justement, J. Shawn and Pandya, Punita and Hallahan, Claire W. and McLaughlin, Mary and Liu, Shuying and Ehler, Linda A. and Kovacs, Colin and Fauci, Anthony S.}, year={2002}, month={Jun}, pages={1672–1676}}
@article{Clayton2018Resistance, title={Resistance of HIV-infected macrophages to CD8+ T lymphocyte–mediated killing drives activation of the immune system}, volume={19}, url={http://dx.doi.org/10.1038/s41590-018-0085-3}, DOI={10.1038/s41590-018-0085-3}, number={5}, journal={Nature Immunology}, publisher={Springer Science and Business Media LLC}, author={Clayton, Kiera L. and Collins, David R. and Lengieza, Josh and Ghebremichael, Musie and Dotiwala, Farokh and Lieberman, Judy and Walker, Bruce D.}, year={2018}, month={Apr}, pages={475–486}}
@article{D2018qqman, title={qqman: an R package for visualizing GWAS results using Q-Q and manhattan plots}, volume={3}, url={http://dx.doi.org/10.21105/joss.00731}, DOI={10.21105/joss.00731}, number={25}, journal={Journal of Open Source Software}, publisher={The Open Journal}, author={D. Turner, Stephen}, year={2018}, month={May}, pages={731}}
@article{Das2016Next, title={Next-generation genotype imputation service and methods}, volume={48}, url={http://dx.doi.org/10.1038/ng.3656}, DOI={10.1038/ng.3656}, number={10}, journal={Nature Genetics}, publisher={Springer Science and Business Media LLC}, author={Das, Sayantan and Forer, Lukas and Schönherr, Sebastian and Sidore, Carlo and Locke, Adam E and Kwong, Alan and Vrieze, Scott I and Chew, Emily Y and Levy, Shawn and McGue, Matt and et al.}, year={2016}, month={Aug}, pages={1284–1287}}
@article{Deelen2019Improving, title={Improving the diagnostic yield of exome- sequencing by predicting gene–phenotype associations using large-scale gene expression analysis}, volume={10}, url={http://dx.doi.org/10.1038/s41467-019-10649-4}, DOI={10.1038/s41467-019-10649-4}, number={1}, journal={Nature Communications}, publisher={Springer Science and Business Media LLC}, author={Deelen, Patrick and van Dam, Sipko and Herkert, Johanna C. and Karjalainen, Juha M. and Brugge, Harm and Abbott, Kristin M. and van Diemen, Cleo C. and van der Zwaag, Paul A. and Gerkes, Erica H. and Zonneveld-Huijssoon, Evelien and et al.}, year={2019}, month={Jun}}
@article{Franck2015Phosphoproteome, title={Phosphoproteome Analysis Links Protein Phosphorylation to Cellular Remodeling and Metabolic Adaptation during Magnaporthe oryzae Appressorium Development}, volume={14}, url={http://dx.doi.org/10.1021/pr501064q}, DOI={10.1021/pr501064q}, number={6}, journal={Journal of Proteome Research}, publisher={American Chemical Society (ACS)}, author={Franck, William L. and Gokce, Emine and Randall, Shan M. and Oh, Yeonyee and Eyre, Alex and Muddiman, David C. and Dean, Ralph A.}, year={2015}, month={May}, pages={2408–2424}}
@article{Fuhrer2011High, title={High-Throughput, Accurate Mass Metabolome Profiling of Cellular Extracts by Flow Injection–Time-of-Flight Mass Spectrometry}, volume={83}, url={http://dx.doi.org/10.1021/ac201267k}, DOI={10.1021/ac201267k}, number={18}, journal={Analytical Chemistry}, publisher={American Chemical Society (ACS)}, author={Fuhrer, Tobias and Heer, Dominik and Begemann, Boris and Zamboni, Nicola}, year={2011}, month={Aug}, pages={7074–7080}}
@article{Herráiz2017Impact, title={Impact of the Polymorphism rs9264942 near the HLA-C Gene on HIV-1 DNA Reservoirs in Asymptomatic Chronically Infected Patients Initiating Antiviral Therapy}, volume={2017}, url={http://dx.doi.org/10.1155/2017/8689313}, DOI={10.1155/2017/8689313}, journal={Journal of Immunology Research}, publisher={Hindawi Limited}, author={Herráiz-Nicuesa, Laura and Hernández-Flórez, Diana Carolina and Valor, Lara and García-Consuegra, Sonia and Navarro-Valdivieso, Juan Paulo and Fernández-Cruz, Eduardo and Rodríguez-Sainz, Carmen}, year={2017}, pages={1–7}}
@article{Hong2016Novel, title={Novel Assays for Measurement of Total Cell-Associated HIV-1 DNA and RNA}, volume={54}, url={http://dx.doi.org/10.1128/JCM.02904-15}, DOI={10.1128/jcm.02904-15}, number={4}, journal={Journal of Clinical Microbiology}, publisher={American Society for Microbiology}, author={Hong, Feiyu and Aga, Evgenia and Cillo, Anthony R. and Yates, Aarika L. and Besson, Guillaume and Fyne, Elizabeth and Koontz, Dianna L. and Jennings, Cheryl and Zheng, Lu and Mellors, John W.}, editor={Caliendo, A. M.Editor}, year={2016}, month={Apr}, pages={902–911}}
@article{Kaushik2013Plasmacytoid, title={Plasmacytoid Dendritic Cell Number and Responses to Toll-Like Receptor 7 and 9 Agonists Vary in HIV Type 1-Infected Individuals in Relation to Clinical State}, volume={29}, url={http://dx.doi.org/10.1089/aid.2012.0200}, DOI={10.1089/aid.2012.0200}, number={3}, journal={AIDS Research and Human Retroviruses}, publisher={Mary Ann Liebert Inc}, author={Kaushik, Shweta and Teque, Fernando and Patel, Mira and Fujimura, Sue H. and Schmidt, Barbara and Levy, Jay A.}, year={2013}, month={Mar}, pages={501–510}}
@article{Kulkarni2011Differential, title={Differential microRNA regulation of HLA-C expression and its association with HIV control}, volume={472}, url={http://dx.doi.org/10.1038/nature09914}, DOI={10.1038/nature09914}, number={7344}, journal={Nature}, publisher={Springer Science and Business Media LLC}, author={Kulkarni, Smita and Savan, Ram and Qi, Ying and Gao, Xiaojiang and Yuki, Yuko and Bass, Sara E. and Martin, Maureen P. and Hunt, Peter and Deeks, Steven G. and Telenti, Amalio and et al.}, year={2011}, month={Apr}, pages={495–498}}
@article{Kulpa2011The, title={The emerging role of HLA-C in HIV-1 infection}, volume={134}, url={http://dx.doi.org/10.1111/j.1365-2567.2011.03474.x}, DOI={10.1111/j.1365-2567.2011.03474.x}, number={2}, journal={Immunology}, publisher={Wiley}, author={Kulpa, Deanna A. and Collins, Kathleen L.}, year={2011}, month={Sep}, pages={116–122}}
@article{Le2011Rebound, title={Rebound of plasma viremia following cessation of antiretroviral therapy despite profoundly low levels of HIV reservoir: implications for eradication}, volume={25}, url={http://dx.doi.org/10.1097/QAD.0b013e32834490b1}, DOI={10.1097/qad.0b013e32834490b1}, number={6}, journal={AIDS}, publisher={Ovid Technologies (Wolters Kluwer Health)}, author={Le, Thuy and Farrar, Jeremy and Shikuma, Cecilia}, year={2011}, month={Mar}, pages={871–872}}
@article{Lee1999Lysozyme, title={Lysozyme and RNases as anti-HIV components in  -core preparations of human chorionic gonadotropin}, volume={96}, url={http://dx.doi.org/10.1073/pnas.96.6.2678}, DOI={10.1073/pnas.96.6.2678}, number={6}, journal={Proceedings of the National Academy of Sciences}, publisher={Proceedings of the National Academy of Sciences}, author={Lee-Huang, S. and Huang, P. L. and Sun, Y. and Huang, P. L. and Kung, H.-f. and Blithe, D. L. and Chen, H.-C.}, year={1999}, month={Mar}, pages={2678–2681}}
@article{Leger2014Genome, title={Genome-wide association study of peripheral neuropathy with D-drug-containing regimens in AIDS Clinical Trials Group protocol 384}, volume={20}, url={http://dx.doi.org/10.1007/s13365-014-0235-9}, DOI={10.1007/s13365-014-0235-9}, number={3}, journal={Journal of NeuroVirology}, publisher={Springer Science and Business Media LLC}, author={Leger, Paul D. and Johnson, Daniel H. and Robbins, Gregory K. and Shafer, Robert W. and Clifford, David B. and Li, Jun and McLaren, Paul J. and Haas, David W.}, year={2014}, month={Feb}, pages={304–308}}
@article{Limou2009Genomewide, title={Genomewide Association Study of an AIDS‐Nonprogression Cohort Emphasizes the Role Played byHLAGenes (ANRS Genomewide Association Study 02)}, volume={199}, url={http://dx.doi.org/10.1086/596067}, DOI={10.1086/596067}, number={3}, journal={The Journal of Infectious Diseases}, publisher={Oxford University Press (OUP)}, author={Limou, Sophie and Le Clerc, Sigrid and Coulonges, Cédric and Carpentier, Wassila and Dina, Christian and Delaneau, Olivier and Labib, Taoufik and Taing, Lieng and Sladek, Rob and Deveau, Christiane and et al.}, year={2009}, month={Feb}, pages={419–426}}
@article{Love2014Moderated, title={Moderated estimation of fold change and dispersion for RNA-seq data with DESeq2}, volume={15}, url={http://dx.doi.org/10.1186/s13059-014-0550-8}, DOI={10.1186/s13059-014-0550-8}, number={12}, journal={Genome Biology}, publisher={Springer Science and Business Media LLC}, author={Love, Michael I and Huber, Wolfgang and Anders, Simon}, year={2014}, month={Dec}}
@article{Lévesque2006Trafficking, title={Trafficking of HIV-1 RNA is Mediated by Heterogeneous Nuclear Ribonucleoprotein A2 Expression and Impacts on Viral Assembly}, volume={7}, url={http://dx.doi.org/10.1111/j.1600-0854.2006.00461.x}, DOI={10.1111/j.1600-0854.2006.00461.x}, number={9}, journal={Traffic}, publisher={Wiley}, author={Lévesque, Kathy and Halvorsen, Melanie and Abrahamyan, Levon and Chatel-Chaix, Laurent and Poupon, Viviane and Gordon, Heather and DesGroseillers, Luc and Gatignol, Anne and Mouland, Andrew J.}, year={2006}, month={Jul}, pages={1177–1193}}
@article{McLaren2016The, title={The Ensembl Variant Effect Predictor}, volume={17}, url={http://dx.doi.org/10.1186/s13059-016-0974-4}, DOI={10.1186/s13059-016-0974-4}, number={1}, journal={Genome Biology}, publisher={Springer Science and Business Media LLC}, author={McLaren, William and Gil, Laurent and Hunt, Sarah E. and Riat, Harpreet Singh and Ritchie, Graham R. S. and Thormann, Anja and Flicek, Paul and Cunningham, Fiona}, year={2016}, month={Jun}}
@article{Michelson1999Nuclear, title={Nuclear DEAF-1-related (NUDR) Protein Contains a Novel DNA Binding Domain and Represses Transcription of the Heterogeneous Nuclear Ribonucleoprotein A2/B1 Promoter}, volume={274}, url={http://dx.doi.org/10.1074/jbc.274.43.30510}, DOI={10.1074/jbc.274.43.30510}, number={43}, journal={Journal of Biological Chemistry}, publisher={Elsevier BV}, author={Michelson, Rhett J. and Collard, Michael W. and Ziemba, Amy J. and Persinger, Jim and Bartholomew, Blaine and Huggenvik, Jodi I.}, year={1999}, month={Oct}, pages={30510–30519}}
@article{Murray2016The, title={The Latent Reservoir for HIV-1: How Immunologic Memory and Clonal Expansion Contribute to HIV-1 Persistence}, volume={197}, url={http://dx.doi.org/10.4049/jimmunol.1600343}, DOI={10.4049/jimmunol.1600343}, number={2}, journal={The Journal of Immunology}, publisher={The American Association of Immunologists}, author={Murray, Alexandra J. and Kwon, Kyungyoon J. and Farber, Donna L. and Siliciano, Robert F.}, year={2016}, month={Jul}, pages={407–417}}
@article{Ning2011IRF7, title={IRF7: activation, regulation, modification and function}, volume={12}, url={http://dx.doi.org/10.1038/gene.2011.21}, DOI={10.1038/gene.2011.21}, number={6}, journal={Genes \& Immunity}, publisher={Springer Science and Business Media LLC}, author={Ning, S and Pagano, J S and Barber, G N}, year={2011}, month={Apr}, pages={399–414}}
@article{Palella1998Declining, title={Declining Morbidity and Mortality among Patients with Advanced Human Immunodeficiency Virus Infection}, volume={338}, url={http://dx.doi.org/10.1056/NEJM199803263381301}, DOI={10.1056/nejm199803263381301}, number={13}, journal={New England Journal of Medicine}, publisher={Massachusetts Medical Society}, author={Palella, Frank J. and Delaney, Kathleen M. and Moorman, Anne C. and Loveless, Mark O. and Fuhrer, Jack and Satten, Glen A. and Aschman, Diane J. and Holmberg, Scott D.}, year={1998}, month={Mar}, pages={853–860}}
@article{Pappalardo2016The, title={The Human Functional Genomics Project: Understanding Generation of Diversity}, volume={167}, url={http://dx.doi.org/10.1016/j.cell.2016.10.040}, DOI={10.1016/j.cell.2016.10.040}, number={4}, journal={Cell}, publisher={Elsevier BV}, author={Pappalardo, Jenna L. and Hafler, David A.}, year={2016}, month={Nov}, pages={894–896}}
@article{Pasternak2018What, title={What do we measure when we measure cell-associated HIV RNA}, volume={15}, url={http://dx.doi.org/10.1186/s12977-018-0397-2}, DOI={10.1186/s12977-018-0397-2}, number={1}, journal={Retrovirology}, publisher={Springer Science and Business Media LLC}, author={Pasternak, Alexander O. and Berkhout, Ben}, year={2018}, month={Jan}}
@article{Patamawenu2019Toll, title={Toll-like receptor 7-adapter complex modulates interferon-$\alpha$ production in HIV-stimulated plasmacytoid dendritic cells}, volume={14}, url={http://dx.doi.org/10.1371/journal.pone.0225806}, DOI={10.1371/journal.pone.0225806}, number={12}, journal={PLOS ONE}, publisher={Public Library of Science (PLoS)}, author={Patamawenu, Andy A. and Wright, Nathaniel E. and Shofner, Tulley and Evans, Sean and Manion, Maura M. and Doria-Rose, Nicole and Migueles, Stephen A. and Mendoza, Daniel and Peterson, Bennett and Wilhelm, Christopher and et al.}, editor={Apetrei, CristianEditor}, year={2019}, month={Dec}, pages={e0225806}}
@article{Pruim2010LocusZoom, title={LocusZoom: regional visualization of genome-wide association scan results}, volume={26}, url={http://dx.doi.org/10.1093/bioinformatics/btq419}, DOI={10.1093/bioinformatics/btq419}, number={18}, journal={Bioinformatics}, publisher={Oxford University Press (OUP)}, author={Pruim, R. J. and Welch, R. P. and Sanna, S. and Teslovich, T. M. and Chines, P. S. and Gliedt, T. P. and Boehnke, M. and Abecasis, G. R. and Willer, C. J.}, year={2010}, month={Jul}, pages={2336–2337}}
@article{Purcell2007PLINK, title={PLINK: A Tool Set for Whole-Genome Association and Population-Based Linkage Analyses}, volume={81}, url={http://dx.doi.org/10.1086/519795}, DOI={10.1086/519795}, number={3}, journal={The American Journal of Human Genetics}, publisher={Elsevier BV}, author={Purcell, Shaun and Neale, Benjamin and Todd-Brown, Kathe and Thomas, Lori and Ferreira, Manuel A.R. and Bender, David and Maller, Julian and Sklar, Pamela and de Bakker, Paul I.W. and Daly, Mark J. and et al.}, year={2007}, month={Sep}, pages={559–575}}
@article{Rugeles2003Ribonuclease, title={Ribonuclease is partly responsible for the HIV-1 inhibitory effect activated by HLA alloantigen recognition}, volume={17}, url={http://dx.doi.org/10.1097/00002030-200303070-00002}, DOI={10.1097/00002030-200303070-00002}, number={4}, journal={AIDS}, publisher={Ovid Technologies (Wolters Kluwer Health)}, author={Rugeles, Maria T and Trubey, Charles M and Bedoya, Victoria I and Pinto, Ligia A and Oppenheim, Joost J and Rybak, Susanna M and Shearer, Gene M}, year={2003}, month={Mar}, pages={481–486}}
@article{Savitsky2010Regulation, title={Regulation of immunity and oncogenesis by the IRF transcription factor family}, volume={59}, url={http://dx.doi.org/10.1007/s00262-009-0804-6}, DOI={10.1007/s00262-009-0804-6}, number={4}, journal={Cancer Immunology, Immunotherapy}, publisher={Springer Science and Business Media LLC}, author={Savitsky, David and Tamura, Tomohiko and Yanai, Hideyuki and Taniguchi, Tadatsugu}, year={2010}, month={Jan}, pages={489–510}}
@article{Shabalin2012Matrix, title={Matrix eQTL: ultra fast eQTL analysis via large matrix operations}, volume={28}, url={http://dx.doi.org/10.1093/bioinformatics/bts163}, DOI={10.1093/bioinformatics/bts163}, number={10}, journal={Bioinformatics}, publisher={Oxford University Press (OUP)}, author={Shabalin, A. A.}, year={2012}, month={Apr}, pages={1353–1358}}
@article{Shapiro2001Cytoplasmic, title={Cytoplasmic Ribonuclease Inhibitor}, url={http://dx.doi.org/10.1016/S0076-6879(01)41180-3}, DOI={10.1016/s0076-6879(01)41180-3}, journal={Ribonucleases - Part A}, publisher={Elsevier}, author={Shapiro, Robert}, year={2001}, pages={611–628}}
@article{Shytaj2020Alterations, title={Alterations of redox and iron metabolism accompany the development of HIV latency}, volume={39}, url={http://dx.doi.org/10.15252/embj.2019102209}, DOI={10.15252/embj.2019102209}, number={9}, journal={The EMBO Journal}, publisher={EMBO}, author={Shytaj, Iart Luca and Lucic, Bojana and Forcato, Mattia and Penzo, Carlotta and Billingsley, James and Laketa, Vibor and Bosinger, Steven and Stanic, Mia and Gregoretti, Francesco and Antonelli, Laura and et al.}, year={2020}, month={Mar}}
@article{Sirois2011TRAF6, title={TRAF6 and IRF7 Control HIV Replication in Macrophages}, volume={6}, url={http://dx.doi.org/10.1371/journal.pone.0028125}, DOI={10.1371/journal.pone.0028125}, number={11}, journal={PLoS ONE}, publisher={Public Library of Science (PLoS)}, author={Sirois, Mélissa and Robitaille, Lynda and Allary, Robin and Shah, Mohak and Woelk, Christopher H. and Estaquier, Jérôme and Corbeil, Jacques}, editor={Mammano, FabrizioEditor}, year={2011}, month={Nov}, pages={e28125}}
@article{Steinberg2009The, title={The IFN regulatory factor 7-dependent type I IFN response is not essential for early resistance against murine cytomegalovirus infection}, volume={39}, url={http://dx.doi.org/10.1002/eji.200838814}, DOI={10.1002/eji.200838814}, number={4}, journal={European Journal of Immunology}, publisher={Wiley}, author={Steinberg, Christian and Eisenächer, Katharina and Gross, Olaf and Reindl, Wolfgang and Schmitz, Frank and Ruland, Jürgen and Krug, Anne}, year={2009}, month={Apr}, pages={1007–1018}}
@article{Thomas2009HLA, title={HLA-C cell surface expression and control of HIV/AIDS correlate with a variant upstream of HLA-C}, volume={41}, url={http://dx.doi.org/10.1038/ng.486}, DOI={10.1038/ng.486}, number={12}, journal={Nature Genetics}, publisher={Springer Science and Business Media LLC}, author={Thomas, Rasmi and Apps, Richard and Qi, Ying and Gao, Xiaojiang and Male, Victoria and O’hUigin, Colm and O’Connor, Geraldine and Ge, Dongliang and Fellay, Jacques and Martin, Jeffrey N and et al.}, year={2009}, month={Nov}, pages={1290–1294}}
@article{Trypsteen2015ddpcRquant, title={ddpcRquant: threshold determination for single channel droplet digital PCR experiments}, volume={407}, url={http://dx.doi.org/10.1007/s00216-015-8773-4}, DOI={10.1007/s00216-015-8773-4}, number={19}, journal={Analytical and Bioanalytical Chemistry}, publisher={Springer Science and Business Media LLC}, author={Trypsteen, Wim and Vynck, Matthijs and De Neve, Jan and Bonczkowski, Pawel and Kiselinova, Maja and Malatinkova, Eva and Vervisch, Karen and Thas, Olivier and Vandekerckhove, Linos and De Spiegelaere, Ward}, year={2015}, month={May}, pages={5827–5834}}
@article{Võsa2018Unraveling, title={Unraveling the polygenic architecture of complex traits using blood eQTL metaanalysis}, url={http://dx.doi.org/10.1101/447367}, DOI={10.1101/447367}, publisher={Cold Spring Harbor Laboratory}, author={Võsa, Urmo and Claringbould, Annique and Westra, Harm-Jan and Bonder, Marc Jan and Deelen, Patrick and Zeng, Biao and Kirsten, Holger and Saha, Ashis and Kreuzhuber, Roman and Kasela, Silva and et al.}, year={2018}, month={Oct}}
@article{WEEKS1994Induction, title={Induction of Interferon and Other Cytokines by Imiquimod and Its Hydroxylated Metabolite R-842 in Human Blood Cells In Vitro}, volume={14}, url={http://dx.doi.org/10.1089/jir.1994.14.81}, DOI={10.1089/jir.1994.14.81}, number={2}, journal={Journal of Interferon Research}, publisher={Mary Ann Liebert Inc}, author={WEEKS, CHARLES E. and GIBSON, SHEILA J.}, year={1994}, month={Apr}, pages={81–85}}
@article{Ward2011HaploReg, title={HaploReg: a resource for exploring chromatin states, conservation, and regulatory motif alterations within sets of genetically linked variants}, volume={40}, url={http://dx.doi.org/10.1093/nar/gkr917}, DOI={10.1093/nar/gkr917}, number={D1}, journal={Nucleic Acids Research}, publisher={Oxford University Press (OUP)}, author={Ward, L. D. and Kellis, M.}, year={2011}, month={Nov}, pages={D930–D934}}
@article{Watanabe2017Functional, title={Functional mapping and annotation of genetic associations with FUMA}, volume={8}, url={http://dx.doi.org/10.1038/s41467-017-01261-5}, DOI={10.1038/s41467-017-01261-5}, number={1}, journal={Nature Communications}, publisher={Springer Science and Business Media LLC}, author={Watanabe, Kyoko and Taskesen, Erdogan and van Bochoven, Arjen and Posthuma, Danielle}, year={2017}, month={Nov}}
@article{Yang2004Human, title={Human Ribonuclease A Superfamily Members, Eosinophil-Derived Neurotoxin and Pancreatic Ribonuclease, Induce Dendritic Cell Maturation and Activation}, volume={173}, url={http://dx.doi.org/10.4049/jimmunol.173.10.6134}, DOI={10.4049/jimmunol.173.10.6134}, number={10}, journal={The Journal of Immunology}, publisher={The American Association of Immunologists}, author={Yang, De and Chen, Qian and Rosenberg, Helene F. and Rybak, Susanna M. and Newton, Dianne L. and Wang, Zhao Yuan and Fu, Qin and Tchernev, Velizar T. and Wang, Minjuan and Schweitzer, Barry and et al.}, year={2004}, month={Nov}, pages={6134–6142}}
@article{Zaitseva2017Fusion, title={Fusion Stage of HIV-1 Entry Depends on Virus-Induced Cell Surface Exposure of Phosphatidylserine}, volume={22}, url={http://dx.doi.org/10.1016/j.chom.2017.06.012}, DOI={10.1016/j.chom.2017.06.012}, number={1}, journal={Cell Host \& Microbe}, publisher={Elsevier BV}, author={Zaitseva, Elena and Zaitsev, Eugene and Melikov, Kamran and Arakelyan, Anush and Marin, Mariana and Villasmil, Rafael and Margolis, Leonid B. and Melikyan, Gregory B. and Chernomordik, Leonid V.}, year={2017}, month={Jul}, pages={99–110.e7}}
@article{van2021Chronic, title={Chronic HIV infection induces transcriptional and functional reprogramming of innate immune cells}, volume={6}, url={http://dx.doi.org/10.1172/jci.insight.145928}, DOI={10.1172/jci.insight.145928}, number={7}, journal={JCI Insight}, publisher={American Society for Clinical Investigation}, author={van der Heijden, Wouter A. and Van de Wijer, Lisa and Keramati, Farid and Trypsteen, Wim and Rutsaert, Sofie and Horst, Rob ter and Jaeger, Martin and Koenen, Hans J.P.M. and Stunnenberg, Hendrik G. and Joosten, Irma and et al.}, year={2021}, month={Apr}}


@article{Abdelwahab2003HIV, title={HIV-1-suppressive factors are secreted by CD4+ T cells during primary immune responses}, volume={100}, url={http://dx.doi.org/10.1073/pnas.2035075100}, DOI={10.1073/pnas.2035075100}, number={25}, journal={Proceedings of the National Academy of Sciences}, publisher={Proceedings of the National Academy of Sciences}, author={Abdelwahab, S. F. and Cocchi, F. and Bagley, K. C. and Kamin-Lewis, R. and Gallo, R. C. and DeVico, A. and Lewis, G. K.}, year={2003}, month={Dec}, pages={15006–15010}}
@article{Aguirre2016Differential, title={Differential Effects of Environmental and Genetic Factors on T and B Cell Immune Traits}, volume={17}, url={http://dx.doi.org/10.1016/j.celrep.2016.10.053}, DOI={10.1016/j.celrep.2016.10.053}, number={9}, journal={Cell Reports}, publisher={Elsevier BV}, author={Aguirre-Gamboa, Raul and Joosten, Irma and Urbano, Paulo C.M. and van der Molen, Renate G. and van Rijssen, Esther and van Cranenbroek, Bram and Oosting, Marije and Smeekens, Sanne and Jaeger, Martin and Zorro, Maria and et al.}, year={2016}, month={Nov}, pages={2474–2487}}
@article{Ansari2007Dichotomous, title={Dichotomous effects of C–C chemokines in HIV-1 pathogenesis}, volume={110}, url={http://dx.doi.org/10.1016/j.imlet.2007.02.012}, DOI={10.1016/j.imlet.2007.02.012}, number={1}, journal={Immunology Letters}, publisher={Elsevier BV}, author={Ansari, A. Wahid and Heiken, Hans and Moenkemeyer, Maren and Schmidt, Reinhold E.}, year={2007}, month={May}, pages={1–5}}
@article{Blanpain1999CCR5, title={CCR5 Binds Multiple CC-Chemokines: MCP-3 Acts as a Natural Antagonist}, volume={94}, url={http://dx.doi.org/10.1182/blood.V94.6.1899}, DOI={10.1182/blood.v94.6.1899}, number={6}, journal={Blood}, publisher={American Society of Hematology}, author={Blanpain, Cédric and Migeotte, Isabelle and Lee, Benhur and Vakili, Jalal and Doranz, Benjamin J. and Govaerts, Cédric and Vassart, Gilbert and Doms, Robert W. and Parmentier, Marc}, year={1999}, month={Sep}, pages={1899–1905}}
@article{Cantero2019Resident, title={Resident memory T cells are a cellular reservoir for HIV in the cervical mucosa}, volume={10}, url={http://dx.doi.org/10.1038/s41467-019-12732-2}, DOI={10.1038/s41467-019-12732-2}, number={1}, journal={Nature Communications}, publisher={Springer Science and Business Media LLC}, author={Cantero-Pérez, Jon and Grau-Expósito, Judith and Serra-Peinado, Carla and Rosero, Daniela A. and Luque-Ballesteros, Laura and Astorga-Gamaza, Antonio and Castellví, Josep and Sanhueza, Tamara and Tapia, Gustavo and Lloveras, Belen and et al.}, year={2019}, month={Oct}}
@article{Carroll1998The, title={The role of co-stimulation in regulation of chemokine receptor expression and HIV-1 infection in primary T lymphocytes}, volume={10}, url={http://dx.doi.org/10.1006/smim.1998.0131}, DOI={10.1006/smim.1998.0131}, number={3}, journal={Seminars in Immunology}, publisher={Elsevier BV}, author={Carroll, Richard G. and Riley, James L. and Levine, Bruce L. and Blair, Patrick J. and St. Louis, Daniel C. and June, Carl H.}, year={1998}, month={Jun}, pages={195–202}}
@article{Chomont2009HIV, title={HIV reservoir size and persistence are driven by T cell survival and homeostatic proliferation}, volume={15}, url={http://dx.doi.org/10.1038/nm.1972}, DOI={10.1038/nm.1972}, number={8}, journal={Nature Medicine}, publisher={Springer Science and Business Media LLC}, author={Chomont, Nicolas and El-Far, Mohamed and Ancuta, Petronela and Trautmann, Lydie and Procopio, Francesco A and Yassine-Diab, Bader and Boucher, Geneviève and Boulassel, Mohamed-Rachid and Ghattas, Georges and Brenchley, Jason M and et al.}, year={2009}, month={Jun}, pages={893–900}}
@article{Cochain2016Protective, title={Protective and pathogenic roles of CD8+ T cells in atherosclerosis}, volume={111}, url={http://dx.doi.org/10.1007/s00395-016-0589-7}, DOI={10.1007/s00395-016-0589-7}, number={6}, journal={Basic Research in Cardiology}, publisher={Springer Science and Business Media LLC}, author={Cochain, Clement and Zernecke, Alma}, year={2016}, month={Oct}}
@article{Fahrioglu2020CCR5, title={CCR5-$\delta$32 gene variant frequency in the Turkish Cypriot population}, volume={51}, url={http://dx.doi.org/10.1007/s42770-020-00352-8}, DOI={10.1007/s42770-020-00352-8}, number={4}, journal={Brazilian Journal of Microbiology}, publisher={Springer Science and Business Media LLC}, author={Fahrioglu, Umut and Ergoren, Mahmut Cerkez and Mocan, Gamze}, year={2020}, month={Jul}, pages={1711–1717}}
@article{Fanucchi2019Lnc, title={Lnc-ing Trained Immunity to Chromatin Architecture}, volume={7}, url={http://dx.doi.org/10.3389/fcell.2019.00002}, DOI={10.3389/fcell.2019.00002}, journal={Frontiers in Cell and Developmental Biology}, publisher={Frontiers Media SA}, author={Fanucchi, Stephanie and Mhlanga, Musa M.}, year={2019}, month={Jan}}
@article{Fernandez2011Conservation, title={Conservation of multifunctional ribosomal protein metallopanstimulin-1 (RPS27) through complex evolution demonstrates its key role in growth regulation in Archaea, eukaryotic cells, DNA repair, translation and viral replication}, author={Fernandez-Pol, J Alberto}, journal={Cancer genomics \& proteomics}, volume={8}, number={3}, pages={105--126}, year={2011}, publisher={International Institute of Anticancer Research} }
@article{Fukada2002Functional, title={Functional Expression of the Chemokine Receptor CCR5 on Virus Epitope-Specific Memory and Effector CD8+T Cells}, volume={168}, url={http://dx.doi.org/10.4049/jimmunol.168.5.2225}, DOI={10.4049/jimmunol.168.5.2225}, number={5}, journal={The Journal of Immunology}, publisher={The American Association of Immunologists}, author={Fukada, Katsuhiko and Sobao, Yuji and Tomiyama, Hiroko and Oka, Shinichi and Takiguchi, Masafumi}, year={2002}, month={Mar}, pages={2225–2232}}
@article{Gellatly2021scRNA, title={scRNA-seq of human vitiligo reveals complex networks of subclinical immune activation and a role for CCR5 in Treg function}, volume={13}, url={http://dx.doi.org/10.1126/scitranslmed.abd8995}, DOI={10.1126/scitranslmed.abd8995}, number={610}, journal={Science Translational Medicine}, publisher={American Association for the Advancement of Science (AAAS)}, author={Gellatly, Kyle J. and Strassner, James P. and Essien, Kingsley and Refat, Maggi Ahmed and Murphy, Rachel L. and Coffin-Schmitt, Anthony and Pandya, Amit G. and Tovar-Garza, Andrea and Frisoli, Michael L. and Fan, Xueli and et al.}, year={2021}, month={Sep}}
@article{Gonzalez1999Race, title={Race-specific HIV-1 disease-modifying effects associated with CCR5 haplotypes}, volume={96}, url={http://dx.doi.org/10.1073/pnas.96.21.12004}, DOI={10.1073/pnas.96.21.12004}, number={21}, journal={Proceedings of the National Academy of Sciences}, publisher={Proceedings of the National Academy of Sciences}, author={Gonzalez, E. and Bamshad, M. and Sato, N. and Mummidi, S. and Dhanda, R. and Catano, G. and Cabrera, S. and McBride, M. and Cao, X.-H. and Merrill, G. and et al.}, year={1999}, month={Oct}, pages={12004–12009}}
@article{Gornalusse2015Epigenetic, title={Epigenetic mechanisms, T-cell activation, andCCR5genetics interact to regulate T-cell expression of CCR5, the major HIV-1 coreceptor}, volume={112}, url={http://dx.doi.org/10.1073/pnas.1423228112}, DOI={10.1073/pnas.1423228112}, number={34}, journal={Proceedings of the National Academy of Sciences}, publisher={Proceedings of the National Academy of Sciences}, author={Gornalusse, German G. and Mummidi, Srinivas and Gaitan, Alvaro A. and Jimenez, Fabio and Ramsuran, Veron and Picton, Anabela and Rogers, Kristen and Manoharan, Muthu Saravanan and Avadhanam, Nymisha and Murthy, Krishna K. and et al.}, year={2015}, month={Aug}, pages={E4762–E4771}}
@article{Guan2002Natural, title={Natural Truncation of the Chemokine MIP-1$\beta$/CCL4 Affects Receptor Specificity but Not Anti-HIV-1 Activity}, volume={277}, url={http://dx.doi.org/10.1074/jbc.M203077200}, DOI={10.1074/jbc.m203077200}, number={35}, journal={Journal of Biological Chemistry}, publisher={Elsevier BV}, author={Guan, Ennan and Wang, Jinhai and Roderiquez, Gregory and Norcross, Michael A.}, year={2002}, month={Aug}, pages={32348–32352}}
@article{Hütter2011The, title={The effect of the CCR5-delta32 deletion on global gene expression considering immune response and inflammation}, volume={8}, url={http://dx.doi.org/10.1186/1476-9255-8-29}, DOI={10.1186/1476-9255-8-29}, number={1}, journal={Journal of Inflammation}, publisher={Springer Science and Business Media LLC}, author={Hütter, Gero and Neumann, Martin and Nowak, Daniel and Klein, Stefan and Klüter, Harald and Hofmann, Wolf-K}, year={2011}, pages={29}}
@article{Jaumdally2017CCR5, title={CCR5 expression, haplotype and immune activation in protection from infection in HIV-exposed uninfected individuals in HIV-serodiscordant relationships}, volume={151}, url={http://dx.doi.org/10.1111/imm.12743}, DOI={10.1111/imm.12743}, number={4}, journal={Immunology}, publisher={Wiley}, author={Jaumdally, Shameem Z. and Picton, Anabela and Tiemessen, Caroline T. and Paximadis, Maria and Jaspan, Heather B. and Gamieldien, Hoyam and Masson, Lindi and Coetzee, David and Williamson, Anna-Lise and Little, Francesca and et al.}, year={2017}, month={May}, pages={464–473}}
@article{Koeken2020BCG, title={BCG vaccination in humans inhibits systemic inflammation in a sex-dependent manner}, volume={130}, url={http://dx.doi.org/10.1172/JCI133935}, DOI={10.1172/jci133935}, number={10}, journal={Journal of Clinical Investigation}, publisher={American Society for Clinical Investigation}, author={Koeken, Valerie A.C.M. and de Bree, L. Charlotte J. and Mourits, Vera P. and Moorlag, Simone J.C.F.M. and Walk, Jona and Cirovic, Branko and Arts, Rob J.W. and Jaeger, Martin and Dijkstra, Helga and Lemmers, Heidi and et al.}, year={2020}, month={Sep}, pages={5591–5602}}
@article{Kohlmeier2008The, title={The Chemokine Receptor CCR5 Plays a Key Role in the Early Memory CD8+ T Cell Response to Respiratory Virus Infections}, volume={29}, url={http://dx.doi.org/10.1016/j.immuni.2008.05.011}, DOI={10.1016/j.immuni.2008.05.011}, number={1}, journal={Immunity}, publisher={Elsevier BV}, author={Kohlmeier, Jacob E. and Miller, Shannon C. and Smith, Joanna and Lu, Bao and Gerard, Craig and Cookenham, Tres and Roberts, Alan D. and Woodland, David L.}, year={2008}, month={Jul}, pages={101–113}}
@article{Krzywinski2009Circos, title={Circos: An information aesthetic for comparative genomics}, volume={19}, url={http://dx.doi.org/10.1101/gr.092759.109}, DOI={10.1101/gr.092759.109}, number={9}, journal={Genome Research}, publisher={Cold Spring Harbor Laboratory}, author={Krzywinski, Martin and Schein, Jacqueline and Birol, İnanç and Connors, Joseph and Gascoyne, Randy and Horsman, Doug and Jones, Steven J. and Marra, Marco A.}, year={2009}, month={Jun}, pages={1639–1645}}
@article{Lederman2006Biology, title={Biology of CCR5 and Its Role in HIV Infection and Treatment}, volume={296}, url={http://dx.doi.org/10.1001/jama.296.7.815}, DOI={10.1001/jama.296.7.815}, number={7}, journal={JAMA}, publisher={American Medical Association (AMA)}, author={Lederman, Michael M. and Penn-Nicholson, Adam and Cho, Michael and Mosier, Donald}, year={2006}, month={Aug}, pages={815}}
@article{Lee1999Epitope, title={Epitope Mapping of CCR5 Reveals Multiple Conformational States and Distinct but Overlapping Structures Involved in Chemokine and Coreceptor Function}, volume={274}, url={http://dx.doi.org/10.1074/jbc.274.14.9617}, DOI={10.1074/jbc.274.14.9617}, number={14}, journal={Journal of Biological Chemistry}, publisher={Elsevier BV}, author={Lee, Benhur and Sharron, Matthew and Blanpain, Cedric and Doranz, Benjamin J. and Vakili, Jalal and Setoh, Pui and Berg, Ellen and Liu, Gao and Guy, H. Robert and Durell, Stewart R. and et al.}, year={1999}, month={Apr}, pages={9617–9626}}
@article{Lee1999Quantification, title={Quantification of CD4, CCR5, and CXCR4 levels on lymphocyte subsets, dendritic cells, and differentially conditioned monocyte-derived macrophages}, volume={96}, url={http://dx.doi.org/10.1073/pnas.96.9.5215}, DOI={10.1073/pnas.96.9.5215}, number={9}, journal={Proceedings of the National Academy of Sciences}, publisher={Proceedings of the National Academy of Sciences}, author={Lee, B. and Sharron, M. and Montaner, L. J. and Weissman, D. and Doms, R. W.}, year={1999}, month={Apr}, pages={5215–5220}}
@article{Liu1996Homozygous, title={Homozygous Defect in HIV-1 Coreceptor Accounts for Resistance of Some Multiply-Exposed Individuals to HIV-1 Infection}, volume={86}, url={http://dx.doi.org/10.1016/s0092-8674(00)80110-5}, DOI={10.1016/s0092-8674(00)80110-5}, number={3}, journal={Cell}, publisher={Elsevier BV}, author={Liu, Rong and Paxton, William A and Choe, Sunny and Ceradini, Daniel and Martin, Scott R and Horuk, Richard and MacDonald, Marcy E and Stuhlmann, Heidi and Koup, Richard A and Landau, Nathaniel R}, year={1996}, month={Aug}, pages={367–377}}
@article{Martin2016CCR5, title={CCR5 blockade for neuroinflammatory diseases — beyond control of HIV}, volume={12}, url={http://dx.doi.org/10.1038/nrneurol.2015.248}, DOI={10.1038/nrneurol.2015.248}, number={2}, journal={Nature Reviews Neurology}, publisher={Springer Science and Business Media LLC}, author={Martin-Blondel, Guillaume and Brassat, David and Bauer, Jan and Lassmann, Hans and Liblau, Roland S.}, year={2016}, month={Jan}, pages={95–105}}
@article{Moorlag2021An, title={An integrative genomics approach identifies KDM4 as a modulator of trained immunity}, url={http://dx.doi.org/10.1002/eji.202149577}, DOI={10.1002/eji.202149577}, journal={European Journal of Immunology}, publisher={Wiley}, author={Moorlag, Simone J.C.F.M. and Matzaraki, Vasiliki and Puffelen, Jelmer H. and Heijden, Charlotte and Keating, Sam and Groh, Laszlo and Röring, Rutger Jan and Bakker, Olivier B. and Koeken, Valerie A.C.M. and Bree, L. Charlotte J. and et al.}, year={2021}, month={Dec}}
@article{Netea2016Understanding, title={Understanding human immune function using the resources from the Human Functional Genomics Project}, volume={22}, url={http://dx.doi.org/10.1038/nm.4140}, DOI={10.1038/nm.4140}, number={8}, journal={Nature Medicine}, publisher={Springer Science and Business Media LLC}, author={Netea, Mihai G and Joosten, Leo A B and Li, Yang and Kumar, Vinod and Oosting, Marije and Smeekens, Sanne and Jaeger, Martin and ter Horst, Rob and Schirmer, Melanie and Vlamakis, Hera and et al.}, year={2016}, month={Aug}, pages={831–833}}
@article{Nilsson2006HIV, title={HIV-1-driven regulatory T-cell accumulation in lymphoid tissues is associated with disease progression in HIV/AIDS}, volume={108}, url={http://dx.doi.org/10.1182/blood-2006-05-021576}, DOI={10.1182/blood-2006-05-021576}, number={12}, journal={Blood}, publisher={American Society of Hematology}, author={Nilsson, J. and Boasso, A. and Velilla, P. A. and Zhang, R. and Vaccari, M. and Franchini, G. and Shearer, G. M. and Andersson, J. and Chougnet, C.}, year={2006}, month={Dec}, pages={3808–3817}}
@article{Oswald2007Identification, title={Identification of a CCR5-expressing T cell subset that is resistant to R5-tropic HIV infection}, author={Oswald-Richter, Kyra and Grill, Stacy M and Leelawong, Mindy and Tseng, Michelle and Kalams, Spyros A and Hulgan, Todd and Haas, David W and Unutmaz, Derya}, journal={PloS pathogens}, volume={3}, number={4}, pages={e58}, year={2007}, publisher={Public Library of Science San Francisco, USA} }
@article{Picton2012CCR5, title={CCR5 promoter haplotypes differentially influence CCR5 expression on natural killer and T cell subsets in ethnically divergent HIV-1 uninfected South African populations}, volume={64}, url={http://dx.doi.org/10.1007/s00251-012-0642-0}, DOI={10.1007/s00251-012-0642-0}, number={11}, journal={Immunogenetics}, publisher={Springer Science and Business Media LLC}, author={Picton, Anabela C. P. and Paximadis, Maria and Tiemessen, Caroline T.}, year={2012}, month={Aug}, pages={795–806}}
@article{Rosenblum2015Regulatory, title={Regulatory T cell memory}, volume={16}, url={http://dx.doi.org/10.1038/nri.2015.1}, DOI={10.1038/nri.2015.1}, number={2}, journal={Nature Reviews Immunology}, publisher={Springer Science and Business Media LLC}, author={Rosenblum, Michael D. and Way, Sing Sing and Abbas, Abul K.}, year={2015}, month={Dec}, pages={90–101}}
@article{Shaheen2019CCR5, title={CCR5 is a required signaling receptor for macrophage expression of inflammatory genes in response to viral double-stranded RNA}, author={Shaheen, Zachary R and Christmann, Benjamin S and Stafford, Joshua D and Moran, Jason M and Buller, R Mark L and Corbett, John A}, journal={American Journal of Physiology-Regulatory, Integrative and Comparative Physiology}, volume={316}, number={5}, pages={R525--R534}, year={2019}, publisher={American Physiological Society Bethesda, MD}}
@article{Singer2001CCR5, title={CCR5, CXCR4, and CD4 Are Clustered and Closely Apposed on Microvilli of Human Macrophages and T Cells}, volume={75}, url={http://dx.doi.org/10.1128/JVI.75.8.3779-3790.2001}, DOI={10.1128/jvi.75.8.3779-3790.2001}, number={8}, journal={Journal of Virology}, publisher={American Society for Microbiology}, author={Singer, Irwin I. and Scott, Solomon and Kawka, Douglas W. and Chin, Jayne and Daugherty, Bruce L. and DeMartino, Julie A. and DiSalvo, Jerry and Gould, Sandra L. and Lineberger, Janet E. and Malkowitz, Lorraine and et al.}, year={2001}, month={Apr}, pages={3779–3790}}
@article{Van2021The, title={The Architecture of Circulating Immune Cells Is Dysregulated in People Living With HIV on Long Term Antiretroviral Treatment and Relates With Markers of the HIV-1 Reservoir, Cytomegalovirus, and Microbial Translocation}, volume={12}, url={http://dx.doi.org/10.3389/fimmu.2021.661990}, DOI={10.3389/fimmu.2021.661990}, journal={Frontiers in Immunology}, publisher={Frontiers Media SA}, author={Van de Wijer, Lisa and van der Heijden, Wouter A. and Horst, Rob ter and Jaeger, Martin and Trypsteen, Wim and Rutsaert, Sofie and van Cranenbroek, Bram and van Rijssen, Esther and Joosten, Irma and Joosten, Leo and et al.}, year={2021}, month={Apr}}
@article{Wu1997CCR5, title={CCR5 Levels and Expression Pattern Correlate with Infectability by Macrophage-tropic HIV-1, In Vitro}, volume={185}, url={http://dx.doi.org/10.1084/jem.185.9.1681}, DOI={10.1084/jem.185.9.1681}, number={9}, journal={Journal of Experimental Medicine}, publisher={Rockefeller University Press}, author={Wu, Lijun and Paxton, William A. and Kassam, Nasim and Ruffing, Nancy and Rottman, James B. and Sullivan, Nancy and Choe, Hyeryun and Sodroski, Joseph and Newman, Walter and Koup, Richard A. and et al.}, year={1997}, month={May}, pages={1681–1692}}
@article{Yu2020Using, title={Using ggtree to Visualize Data on Tree‐Like Structures}, volume={69}, url={http://dx.doi.org/10.1002/cpbi.96}, DOI={10.1002/cpbi.96}, number={1}, journal={Current Protocols in Bioinformatics}, publisher={Wiley}, author={Yu, Guangchuang}, year={2020}, month={Mar}}
@article{Zhang2021IRF7, title={IRF7 and RNH1 are modifying factors of HIV-1 reservoirs: a genome-wide association analysis}, volume={19}, url={http://dx.doi.org/10.1186/s12916-021-02156-5}, DOI={10.1186/s12916-021-02156-5}, number={1}, journal={BMC Medicine}, publisher={Springer Science and Business Media LLC}, author={Zhang, Zhenhua and Trypsteen, Wim and Blaauw, Marc and Chu, Xiaojing and Rutsaert, Sofie and Vandekerckhove, Linos and van der Heijden, Wouter and dos Santos, Jéssica Cristina and Xu, Cheng-Jian and Swertz, Morris A. and et al.}, year={2021}, month={Nov}}
@article{van2007HowWill, title={How will CCR5 antagonists influence the recommendations for the antiretroviral treatment of HIV-1 infection}, author={van Lunzen, Jan}, journal={European journal of medical research}, volume={12}, number={9}, pages={435}, year={2007}, publisher={I. Holzapfel Publishers; 1999} }

 

@article{Abramov2021Landscape, title={Landscape of allele-specific transcription factor binding in the human genome}, volume={12}, url={http://dx.doi.org/10.1038/s41467-021-23007-0}, DOI={10.1038/s41467-021-23007-0}, number={1}, journal={Nature Communications}, publisher={Springer Science and Business Media LLC}, author={Abramov, Sergey and Boytsov, Alexandr and Bykova, Daria and Penzar, Dmitry D. and Yevshin, Ivan and Kolmykov, Semyon K. and Fridman, Marina V. and Favorov, Alexander V. and Vorontsov, Ilya E. and Baulin, Eugene and Kolpakov, Fedor and Makeev, Vsevolod J. and Kulakovskiy, Ivan V.}, year={2021}, month={May}}
@article{Adams2020Single, title={Single-cell RNA-seq reveals ectopic and aberrant lung-resident cell populations in idiopathic pulmonary fibrosis}, volume={6}, url={http://dx.doi.org/10.1126/sciadv.aba1983}, DOI={10.1126/sciadv.aba1983}, number={28}, journal={Science Advances}, publisher={American Association for the Advancement of Science (AAAS)}, author={Adams, Taylor S. and Schupp, Jonas C. and Poli, Sergio and Ayaub, Ehab A. and Neumark, Nir and Ahangari, Farida and Chu, Sarah G. and Raby, Benjamin A. and DeIuliis, Giuseppe and Januszyk, Michael and Duan, Qiaonan and Arnett, Heather A. and Siddiqui, Asim and Washko, George R. and Homer, Robert and Yan, Xiting and Rosas, Ivan O. and Kaminski, Naftali}, year={2020}, month={Jul}}
@article{Agarwal2020A, title={A single-cell atlas of the human substantia nigra reveals cell-specific pathways associated with neurological disorders}, volume={11}, url={http://dx.doi.org/10.1038/s41467-020-17876-0}, DOI={10.1038/s41467-020-17876-0}, number={1}, journal={Nature Communications}, publisher={Springer Science and Business Media LLC}, author={Agarwal, Devika and Sandor, Cynthia and Volpato, Viola and Caffrey, Tara M. and Monzón-Sandoval, Jimena and Bowden, Rory and Alegre-Abarrategui, Javier and Wade-Martins, Richard and Webber, Caleb}, year={2020}, month={Aug}}
@article{Aibar2017SCENIC, title={SCENIC: single-cell regulatory network inference and clustering}, volume={14}, url={http://dx.doi.org/10.1038/nmeth.4463}, DOI={10.1038/nmeth.4463}, number={11}, journal={Nature Methods}, publisher={Springer Science and Business Media LLC}, author={Aibar, Sara and González-Blas, Carmen Bravo and Moerman, Thomas and Huynh-Thu, Vân Anh and Imrichova, Hana and Hulselmans, Gert and Rambow, Florian and Marine, Jean-Christophe and Geurts, Pierre and Aerts, Jan and van den Oord, Joost and Atak, Zeynep Kalender and Wouters, Jasper and Aerts, Stein}, year={2017}, month={Oct}, pages={1083–1086}}
@article{Aran2019Reference, title={Reference-based analysis of lung single-cell sequencing reveals a transitional profibrotic macrophage}, volume={20}, url={http://dx.doi.org/10.1038/s41590-018-0276-y}, DOI={10.1038/s41590-018-0276-y}, number={2}, journal={Nature Immunology}, publisher={Springer Science and Business Media LLC}, author={Aran, Dvir and Looney, Agnieszka P. and Liu, Leqian and Wu, Esther and Fong, Valerie and Hsu, Austin and Chak, Suzanna and Naikawadi, Ram P. and Wolters, Paul J. and Abate, Adam R. and Butte, Atul J. and Bhattacharya, Mallar}, year={2019}, month={Jan}, pages={163–172}}
@article{Atak2021Interpretation, title={Interpretation of allele-specific chromatin accessibility using cell state–aware deep learning}, volume={31}, url={http://dx.doi.org/10.1101/gr.260851.120}, DOI={10.1101/gr.260851.120}, number={6}, journal={Genome Research}, publisher={Cold Spring Harbor Laboratory}, author={Atak, Zeynep Kalender and Taskiran, Ibrahim Ihsan and Demeulemeester, Jonas and Flerin, Christopher and Mauduit, David and Minnoye, Liesbeth and Hulselmans, Gert and Christiaens, Valerie and Ghanem, Ghanem-Elias and Wouters, Jasper and Aerts, Stein}, year={2021}, month={Apr}, pages={1082–1096}}
@article{Epigenomics2012An, title={An integrated encyclopedia of DNA elements in the human genome}, volume={489}, url={http://dx.doi.org/10.1038/nature11247}, DOI={10.1038/nature11247}, number={7414}, journal={Nature}, publisher={Springer Science and Business Media LLC}, year={2012}, month={Sep}, pages={57–74}}
@article{Bernstein2010The, title={The NIH Roadmap Epigenomics Mapping Consortium}, volume={28}, url={http://dx.doi.org/10.1038/nbt1010-1045}, DOI={10.1038/nbt1010-1045}, number={10}, journal={Nature Biotechnology}, publisher={Springer Science and Business Media LLC}, author={Bernstein, Bradley E and Stamatoyannopoulos, John A and Costello, Joseph F and Ren, Bing and Milosavljevic, Aleksandar and Meissner, Alexander and Kellis, Manolis and Marra, Marco A and Beaudet, Arthur L and Ecker, Joseph R and Farnham, Peggy J and Hirst, Martin and Lander, Eric S and Mikkelsen, Tarjei S and Thomson, James A}, year={2010}, month={Oct}, pages={1045–1048}}
@article{Charo2006The, title={The Many Roles of Chemokines and Chemokine Receptors in Inflammation}, volume={354}, url={http://dx.doi.org/10.1056/NEJMra052723}, DOI={10.1056/nejmra052723}, number={6}, journal={New England Journal of Medicine}, publisher={Massachusetts Medical Society}, author={Charo, Israel F. and Ransohoff, Richard M.}, year={2006}, month={Feb}, pages={610–621}}
@article{Chen2020Clinical, title={Clinical and immunological features of severe and moderate coronavirus disease 2019}, volume={130}, url={http://dx.doi.org/10.1172/JCI137244}, DOI={10.1172/jci137244}, number={5}, journal={Journal of Clinical Investigation}, publisher={American Society for Clinical Investigation}, author={Chen, Guang and Wu, Di and Guo, Wei and Cao, Yong and Huang, Da and Wang, Hongwu and Wang, Tao and Zhang, Xiaoyun and Chen, Huilong and Yu, Haijing and Zhang, Xiaoping and Zhang, Minxia and Wu, Shiji and Song, Jianxin and Chen, Tao and Han, Meifang and Li, Shusheng and Luo, Xiaoping and Zhao, Jianping and Ning, Qin}, year={2020}, month={Apr}, pages={2620–2629}}
@article{Chen2020T, title={T cell responses in patients with COVID-19}, volume={20}, url={http://dx.doi.org/10.1038/s41577-020-0402-6}, DOI={10.1038/s41577-020-0402-6}, number={9}, journal={Nature Reviews Immunology}, publisher={Springer Science and Business Media LLC}, author={Chen, Zeyu and John Wherry, E.}, year={2020}, month={Jul}, pages={529–536}}
@article{Chu2021Multi, title={Multi-Omics Approaches in Immunological Research}, volume={12}, url={http://dx.doi.org/10.3389/fimmu.2021.668045}, DOI={10.3389/fimmu.2021.668045}, journal={Frontiers in Immunology}, publisher={Frontiers Media SA}, author={Chu, Xiaojing and Zhang, Bowen and Koeken, Valerie A. C. M. and Gupta, Manoj Kumar and Li, Yang}, year={2021}, month={Jun}}
@article{Coetzee2015motifbreakR, title={motifbreakR: an R/Bioconductor package for predicting variant effects at transcription factor binding sites: Fig. 1.}, url={http://dx.doi.org/10.1093/bioinformatics/btv470}, DOI={10.1093/bioinformatics/btv470}, journal={Bioinformatics}, publisher={Oxford University Press (OUP)}, author={Coetzee, Simon G. and Coetzee, Gerhard A. and Hazelett, Dennis J.}, year={2015}, month={Aug}, pages={btv470}}
@article{Corces2020Single, title={Single-cell epigenomic analyses implicate candidate causal variants at inherited risk loci for Alzheimer’s and Parkinson’s diseases}, volume={52}, url={http://dx.doi.org/10.1038/s41588-020-00721-x}, DOI={10.1038/s41588-020-00721-x}, number={11}, journal={Nature Genetics}, publisher={Springer Science and Business Media LLC}, author={Corces, M. Ryan and Shcherbina, Anna and Kundu, Soumya and Gloudemans, Michael J. and Frésard, Laure and Granja, Jeffrey M. and Louie, Bryan H. and Eulalio, Tiffany and Shams, Shadi and Bagdatli, S. Tansu and Mumbach, Maxwell R. and Liu, Boxiang and Montine, Kathleen S. and Greenleaf, William J. and Kundaje, Anshul and Montgomery, Stephen B. and Chang, Howard Y. and Montine, Thomas J.}, year={2020}, month={Oct}, pages={1158–1168}}
@article{Danecek2021Twelve, title={Twelve years of SAMtools and BCFtools}, volume={10}, url={http://dx.doi.org/10.1093/gigascience/giab008}, DOI={10.1093/gigascience/giab008}, number={2}, journal={GigaScience}, publisher={Oxford University Press (OUP)}, author={Danecek, Petr and Bonfield, James K and Liddle, Jennifer and Marshall, John and Ohan, Valeriu and Pollard, Martin O and Whitwham, Andrew and Keane, Thomas and McCarthy, Shane A and Davies, Robert M and Li, Heng}, year={2021}, month={Jan}}
@article{Finak2015MAST, title={MAST: a flexible statistical framework for assessing transcriptional changes and characterizing heterogeneity in single-cell RNA sequencing data}, volume={16}, url={http://dx.doi.org/10.1186/s13059-015-0844-5}, DOI={10.1186/s13059-015-0844-5}, number={1}, journal={Genome Biology}, publisher={Springer Science and Business Media LLC}, author={Finak, Greg and McDavid, Andrew and Yajima, Masanao and Deng, Jingyuan and Gersuk, Vivian and Shalek, Alex K. and Slichter, Chloe K. and Miller, Hannah W. and McElrath, M. Juliana and Prlic, Martin and Linsley, Peter S. and Gottardo, Raphael}, year={2015}, month={Dec}}
@article{Gallagher2018The, title={The Post-GWAS Era: From Association to Function}, volume={102}, url={http://dx.doi.org/10.1016/j.ajhg.2018.04.002}, DOI={10.1016/j.ajhg.2018.04.002}, number={5}, journal={The American Journal of Human Genetics}, publisher={Elsevier BV}, author={Gallagher, Michael D. and Chen-Plotkin, Alice S.}, year={2018}, month={May}, pages={717–730}}
@article{Ginhoux2014Monocytes, title={Monocytes and macrophages: developmental pathways and tissue homeostasis}, volume={14}, url={http://dx.doi.org/10.1038/nri3671}, DOI={10.1038/nri3671}, number={6}, journal={Nature Reviews Immunology}, publisher={Springer Science and Business Media LLC}, author={Ginhoux, Florent and Jung, Steffen}, year={2014}, month={May}, pages={392–404}}
@article{Granja2021ArchR, title={ArchR is a scalable software package for integrative single-cell chromatin accessibility analysis}, volume={53}, url={http://dx.doi.org/10.1038/s41588-021-00790-6}, DOI={10.1038/s41588-021-00790-6}, number={3}, journal={Nature Genetics}, publisher={Springer Science and Business Media LLC}, author={Granja, Jeffrey M. and Corces, M. Ryan and Pierce, Sarah E. and Bagdatli, S. Tansu and Choudhry, Hani and Chang, Howard Y. and Greenleaf, William J.}, year={2021}, month={Feb}, pages={403–411}}
@article{Hahne2016Visualizing, title={Visualizing Genomic Data Using Gviz and Bioconductor}, ISBN={9781493935789}, url={http://dx.doi.org/10.1007/978-1-4939-3578-9_16}, DOI={10.1007/978-1-4939-3578-9_16}, journal={Statistical Genomics}, publisher={Springer New York}, author={Hahne, Florian and Ivanek, Robert}, year={2016}, pages={335–351}}
@article{Harmston2015GenomicInteractions, title={GenomicInteractions: An R/Bioconductor package for manipulating and investigating chromatin interaction data}, volume={16}, url={http://dx.doi.org/10.1186/s12864-015-2140-x}, DOI={10.1186/s12864-015-2140-x}, number={1}, journal={BMC Genomics}, publisher={Springer Science and Business Media LLC}, author={Harmston, Nathan and Ing-Simmons, Elizabeth and Perry, Malcolm and Barešić, Anja and Lenhard, Boris}, year={2015}, month={Nov}}
@article{Heaton2020Souporcell, title={Souporcell: robust clustering of single-cell RNA-seq data by genotype without reference genotypes}, volume={17}, url={http://dx.doi.org/10.1038/s41592-020-0820-1}, DOI={10.1038/s41592-020-0820-1}, number={6}, journal={Nature Methods}, publisher={Springer Science and Business Media LLC}, author={Heaton, Haynes and Talman, Arthur M. and Knights, Andrew and Imaz, Maria and Gaffney, Daniel J. and Durbin, Richard and Hemberg, Martin and Lawniczak, Mara K. N.}, year={2020}, month={May}, pages={615–620}}
@article{Janssen2021Dysregulated, title={Dysregulated Innate and Adaptive Immune Responses Discriminate Disease Severity in COVID-19}, volume={223}, url={http://dx.doi.org/10.1093/infdis/jiab065}, DOI={10.1093/infdis/jiab065}, number={8}, journal={The Journal of Infectious Diseases}, publisher={Oxford University Press (OUP)}, author={Janssen, Nico A F and Grondman, Inge and de Nooijer, Aline H and Boahen, Collins K and Koeken, Valerie A C M and Matzaraki, Vasiliki and Kumar, Vinod and He, Xuehui and Kox, Matthijs and Koenen, Hans J P M and Smeets, Ruben L and Joosten, Irma and Brüggemann, Roger J M and Kouijzer, Ilse J E and van der Hoeven, Hans G and Schouten, Jeroen A and Frenzel, Tim and Reijers, Monique H E and Hoefsloot, Wouter and Dofferhoff, Anton S M and van Apeldoorn, Marjan J and Blaauw, Marc J T and Veerman, Karin and Maas, Coen and Schoneveld, Arjan H and Hoefer, Imo E and Derde, Lennie P G and van Deuren, Marcel and van der Meer, Jos W M and van Crevel, Reinout and Giamarellos-Bourboulis, Evangelos J and Joosten, Leo A B and van den Heuvel, Michel M and Hoogerwerf, Jacobien and de Mast, Quirijn and Pickkers, Peter and Netea, Mihai G and van de Veerdonk, Frank L}, year={2021}, month={Feb}, pages={1322–1333}}
@article{Javierre2016Lineage, title={Lineage-Specific Genome Architecture Links Enhancers and Non-coding Disease Variants to Target Gene Promoters}, volume={167}, url={http://dx.doi.org/10.1016/j.cell.2016.09.037}, DOI={10.1016/j.cell.2016.09.037}, number={5}, journal={Cell}, publisher={Elsevier BV}, author={Javierre, Biola M. and Burren, Oliver S. and Wilder, Steven P. and Kreuzhuber, Roman and Hill, Steven M. and Sewitz, Sven and Cairns, Jonathan and Wingett, Steven W. and Várnai, Csilla and Thiecke, Michiel J. and Burden, Frances and Farrow, Samantha and Cutler, Antony J. and Rehnström, Karola and Downes, Kate and Grassi, Luigi and Kostadima, Myrto and Freire-Pritchett, Paula and Wang, Fan and Stunnenberg, Hendrik G. and Todd, John A. and Zerbino, Daniel R. and Stegle, Oliver and Ouwehand, Willem H. and Frontini, Mattia and Wallace, Chris and Spivakov, Mikhail and Fraser, Peter and Martens, Joost H. and Kim, Bowon and Sharifi, Nilofar and Janssen-Megens, Eva M. and Yaspo, Marie-Laure and Linser, Matthias and Kovacsovics, Alexander and Clarke, Laura and Richardson, David and Datta, Avik and Flicek, Paul}, year={2016}, month={Nov}, pages={1369-1384.e19}}
@article{Kundaje2015Integrative, title={Integrative analysis of 111 reference human epigenomes}, volume={518}, url={http://dx.doi.org/10.1038/nature14248}, DOI={10.1038/nature14248}, number={7539}, journal={Nature}, publisher={Springer Science and Business Media LLC}, author={Kundaje, Anshul and Meuleman, Wouter and Ernst, Jason and Bilenky, Misha and Yen, Angela and Heravi-Moussavi, Alireza and Kheradpour, Pouya and Zhang, Zhizhuo and Wang, Jianrong and Ziller, Michael J. and Amin, Viren and Whitaker, John W. and Schultz, Matthew D. and Ward, Lucas D. and Sarkar, Abhishek and Quon, Gerald and Sandstrom, Richard S. and Eaton, Matthew L. and Wu, Yi-Chieh and Pfenning, Andreas R. and Wang, Xinchen and Claussnitzer, Melina and Liu, Yaping and Coarfa, Cristian and Harris, R. Alan and Shoresh, Noam and Epstein, Charles B. and Gjoneska, Elizabeta and Leung, Danny and Xie, Wei and Hawkins, R. David and Lister, Ryan and Hong, Chibo and Gascard, Philippe and Mungall, Andrew J. and Moore, Richard and Chuah, Eric and Tam, Angela and Canfield, Theresa K. and Hansen, R. Scott and Kaul, Rajinder and Sabo, Peter J. and Bansal, Mukul S. and Carles, Annaick and Dixon, Jesse R. and Farh, Kai-How and Feizi, Soheil and Karlic, Rosa and Kim, Ah-Ram and Kulkarni, Ashwinikumar and Li, Daofeng and Lowdon, Rebecca and Elliott, GiNell and Mercer, Tim R. and Neph, Shane J. and Onuchic, Vitor and Polak, Paz and Rajagopal, Nisha and Ray, Pradipta and Sallari, Richard C. and Siebenthall, Kyle T. and Sinnott-Armstrong, Nicholas A. and Stevens, Michael and Thurman, Robert E. and Wu, Jie and Zhang, Bo and Zhou, Xin and Beaudet, Arthur E. and Boyer, Laurie A. and De Jager, Philip L. and Farnham, Peggy J. and Fisher, Susan J. and Haussler, David and Jones, Steven J. M. and Li, Wei and Marra, Marco A. and McManus, Michael T. and Sunyaev, Shamil and Thomson, James A. and Tlsty, Thea D. and Tsai, Li-Huei and Wang, Wei and Waterland, Robert A. and Zhang, Michael Q. and Chadwick, Lisa H. and Bernstein, Bradley E. and Costello, Joseph F. and Ecker, Joseph R. and Hirst, Martin and Meissner, Alexander and Milosavljevic, Aleksandar and Ren, Bing and Stamatoyannopoulos, John A. and Wang, Ting and Kellis, Manolis}, year={2015}, month={Feb}, pages={317–330}}
@article{Langmead2012Fast, title={Fast gapped-read alignment with Bowtie 2}, volume={9}, url={http://dx.doi.org/10.1038/nmeth.1923}, DOI={10.1038/nmeth.1923}, number={4}, journal={Nature Methods}, publisher={Springer Science and Business Media LLC}, author={Langmead, Ben and Salzberg, Steven L}, year={2012}, month={Mar}, pages={357–359}}
@article{Mabbott2013An, title={An expression atlas of human primary cells: inference of gene function from coexpression networks}, volume={14}, url={http://dx.doi.org/10.1186/1471-2164-14-632}, DOI={10.1186/1471-2164-14-632}, number={1}, journal={BMC Genomics}, publisher={Springer Science and Business Media LLC}, author={Mabbott, Neil A and Baillie, J and Brown, Helen and Freeman, Tom C and Hume, David A}, year={2013}, pages={632}}
@article{Martens2013BLUEPRINT, title={BLUEPRINT: mapping human blood cell epigenomes}, volume={98}, url={http://dx.doi.org/10.3324/haematol.2013.094243}, DOI={10.3324/haematol.2013.094243}, number={10}, journal={Haematologica}, publisher={Ferrata Storti Foundation (Haematologica)}, author={Martens, J. H. A. and Stunnenberg, H. G.}, year={2013}, month={Oct}, pages={1487–1489}}
@article{Monaco2019RNA, title={RNA-Seq Signatures Normalized by mRNA Abundance Allow Absolute Deconvolution of Human Immune Cell Types}, volume={26}, url={http://dx.doi.org/10.1016/j.celrep.2019.01.041}, DOI={10.1016/j.celrep.2019.01.041}, number={6}, journal={Cell Reports}, publisher={Elsevier BV}, author={Monaco, Gianni and Lee, Bernett and Xu, Weili and Mustafah, Seri and Hwang, You Yi and Carré, Christophe and Burdin, Nicolas and Visan, Lucian and Ceccarelli, Michele and Poidinger, Michael and Zippelius, Alfred and Pedro de Magalhães, João and Larbi, Anis}, year={2019}, month={Feb}, pages={1627-1640.e7}}
@article{Nott2019Brain, title={Brain cell type–specific enhancer–promoter interactome maps and disease-risk association}, volume={366}, url={http://dx.doi.org/10.1126/science.aay0793}, DOI={10.1126/science.aay0793}, number={6469}, journal={Science}, publisher={American Association for the Advancement of Science (AAAS)}, author={Nott, Alexi and Holtman, Inge R. and Coufal, Nicole G. and Schlachetzki, Johannes C. M. and Yu, Miao and Hu, Rong and Han, Claudia Z. and Pena, Monique and Xiao, Jiayang and Wu, Yin and Keulen, Zahara and Pasillas, Martina P. and O’Connor, Carolyn and Nickl, Christian K. and Schafer, Simon T. and Shen, Zeyang and Rissman, Robert A. and Brewer, James B. and Gosselin, David and Gonda, David D. and Levy, Michael L. and Rosenfeld, Michael G. and McVicker, Graham and Gage, Fred H. and Ren, Bing and Glass, Christopher K.}, year={2019}, month={Nov}, pages={1134–1139}}
@article{Novershtern2011Densely, title={Densely Interconnected Transcriptional Circuits Control Cell States in Human Hematopoiesis}, volume={144}, url={http://dx.doi.org/10.1016/j.cell.2011.01.004}, DOI={10.1016/j.cell.2011.01.004}, number={2}, journal={Cell}, publisher={Elsevier BV}, author={Novershtern, Noa and Subramanian, Aravind and Lawton, Lee N. and Mak, Raymond H. and Haining, W. Nicholas and McConkey, Marie E. and Habib, Naomi and Yosef, Nir and Chang, Cindy Y. and Shay, Tal and Frampton, Garrett M. and Drake, Adam C.B. and Leskov, Ilya and Nilsson, Bjorn and Preffer, Fred and Dombkowski, David and Evans, John W. and Liefeld, Ted and Smutko, John S. and Chen, Jianzhu and Friedman, Nir and Young, Richard A. and Golub, Todd R. and Regev, Aviv and Ebert, Benjamin L.}, year={2011}, month={Jan}, pages={296–309}}
@article{Patterson2021Persistence, title={Persistence of SARS CoV-2 S1 Protein in CD16+ Monocytes in Post-Acute Sequelae of COVID-19 (PASC) Up to 15 Months Post-Infection}, url={http://dx.doi.org/10.1101/2021.06.25.449905}, DOI={10.1101/2021.06.25.449905}, publisher={Cold Spring Harbor Laboratory}, author={Patterson, Bruce K. and Francisco, Edgar B. and Yogendra, Ram and Long, Emily and Pise, Amruta and Rodrigues, Hallison and Hall, Eric and Herrara, Monica and Parikh, Purvi and Guevara-Coto, Jose and Triche, Timothy J. and Scott, Paul and Hekmati, Saboor and Maglinte, Dennis and Chang, Xaiolan and Mora-Rodríguez, Rodrigo A and Mora, Javier}, year={2021}, month={Jun}}
@article{Polack2020Safety, title={Safety and Efficacy of the BNT162b2 mRNA Covid-19 Vaccine}, volume={383}, url={http://dx.doi.org/10.1056/NEJMoa2034577}, DOI={10.1056/nejmoa2034577}, number={27}, journal={New England Journal of Medicine}, publisher={Massachusetts Medical Society}, author={Polack, Fernando P. and Thomas, Stephen J. and Kitchin, Nicholas and Absalon, Judith and Gurtman, Alejandra and Lockhart, Stephen and Perez, John L. and Pérez Marc, Gonzalo and Moreira, Edson D. and Zerbini, Cristiano and Bailey, Ruth and Swanson, Kena A. and Roychoudhury, Satrajit and Koury, Kenneth and Li, Ping and Kalina, Warren V. and Cooper, David and Frenck, Robert W. and Hammitt, Laura L. and Türeci, Özlem and Nell, Haylene and Schaefer, Axel and Ünal, Serhat and Tresnan, Dina B. and Mather, Susan and Dormitzer, Philip R. and Şahin, Uğur and Jansen, Kathrin U. and Gruber, William C.}, year={2020}, month={Dec}, pages={2603–2615}}
@article{Ren2021COVID, title={COVID-19 immune features revealed by a large-scale single-cell transcriptome atlas}, volume={184}, url={http://dx.doi.org/10.1016/j.cell.2021.01.053}, DOI={10.1016/j.cell.2021.01.053}, number={7}, journal={Cell}, publisher={Elsevier BV}, author={Ren, Xianwen and Wen, Wen and Fan, Xiaoying and Hou, Wenhong and Su, Bin and Cai, Pengfei and Li, Jiesheng and Liu, Yang and Tang, Fei and Zhang, Fan and Yang, Yu and He, Jiangping and Ma, Wenji and He, Jingjing and Wang, Pingping and Cao, Qiqi and Chen, Fangjin and Chen, Yuqing and Cheng, Xuelian and Deng, Guohong and Deng, Xilong and Ding, Wenyu and Feng, Yingmei and Gan, Rui and Guo, Chuang and Guo, Weiqiang and He, Shuai and Jiang, Chen and Liang, Juanran and Li, Yi-min and Lin, Jun and Ling, Yun and Liu, Haofei and Liu, Jianwei and Liu, Nianping and Liu, Shu-Qiang and Luo, Meng and Ma, Qiang and Song, Qibing and Sun, Wujianan and Wang, GaoXiang and Wang, Feng and Wang, Ying and Wen, Xiaofeng and Wu, Qian and Xu, Gang and Xie, Xiaowei and Xiong, Xinxin and Xing, Xudong and Xu, Hao and Yin, Chonghai and Yu, Dongdong and Yu, Kezhuo and Yuan, Jin and Zhang, Biao and Zhang, Peipei and Zhang, Tong and Zhao, Jincun and Zhao, Peidong and Zhou, Jianfeng and Zhou, Wei and Zhong, Sujuan and Zhong, Xiaosong and Zhang, Shuye and Zhu, Lin and Zhu, Ping and Zou, Bin and Zou, Jiahua and Zuo, Zengtao and Bai, Fan and Huang, Xi and Zhou, Penghui and Jiang, Qinghua and Huang, Zhiwei and Bei, Jin-Xin and Wei, Lai and Bian, Xiu-Wu and Liu, Xindong and Cheng, Tao and Li, Xiangpan and Zhao, Pingsen and Wang, Fu-Sheng and Wang, Hongyang and Su, Bing and Zhang, Zheng and Qu, Kun and Wang, Xiaoqun and Chen, Jiekai and Jin, Ronghua and Zhang, Zemin}, year={2021}, month={Apr}, pages={1895-1913.e19}}
@article{Reusch2021Neutrophils, title={Neutrophils in COVID-19}, volume={12}, url={http://dx.doi.org/10.3389/fimmu.2021.652470}, DOI={10.3389/fimmu.2021.652470}, journal={Frontiers in Immunology}, publisher={Frontiers Media SA}, author={Reusch, Nico and De Domenico, Elena and Bonaguro, Lorenzo and Schulte-Schrepping, Jonas and Baßler, Kevin and Schultze, Joachim L. and Aschenbrenner, Anna C.}, year={2021}, month={Mar}}
@article{Reyes2020An, title={An immune-cell signature of bacterial sepsis}, volume={26}, url={http://dx.doi.org/10.1038/s41591-020-0752-4}, DOI={10.1038/s41591-020-0752-4}, number={3}, journal={Nature Medicine}, publisher={Springer Science and Business Media LLC}, author={Reyes, Miguel and Filbin, Michael R. and Bhattacharyya, Roby P. and Billman, Kianna and Eisenhaure, Thomas and Hung, Deborah T. and Levy, Bruce D. and Baron, Rebecca M. and Blainey, Paul C. and Goldberg, Marcia B. and Hacohen, Nir}, year={2020}, month={Feb}, pages={333–340}}
@article{Reyes2021Plasma, title={Plasma from patients with bacterial sepsis or severe COVID-19 induces suppressive myeloid cell production from hematopoietic progenitors in vitro}, volume={13}, url={http://dx.doi.org/10.1126/scitranslmed.abe9599}, DOI={10.1126/scitranslmed.abe9599}, number={598}, journal={Science Translational Medicine}, publisher={American Association for the Advancement of Science (AAAS)}, author={Reyes, Miguel and Filbin, Michael R. and Bhattacharyya, Roby P. and Sonny, Abraham and Mehta, Arnav and Billman, Kianna and Kays, Kyle R. and Pinilla-Vera, Mayra and Benson, Maura E. and Cosimi, Lisa A. and Hung, Deborah T. and Levy, Bruce D. and Villani, Alexandra-Chloe and Sade-Feldman, Moshe and Baron, Rebecca M. and Goldberg, Marcia B. and Blainey, Paul C. and Hacohen, Nir}, year={2021}, month={Jun}}
@article{Rosenbauer2007Transcription, title={Transcription factors in myeloid development: balancing differentiation with transformation}, volume={7}, url={http://dx.doi.org/10.1038/nri2024}, DOI={10.1038/nri2024}, number={2}, journal={Nature Reviews Immunology}, publisher={Springer Science and Business Media LLC}, author={Rosenbauer, Frank and Tenen, Daniel G.}, year={2007}, month={Feb}, pages={105–117}}
@article{Schmiedel2018Impact, title={Impact of Genetic Polymorphisms on Human Immune Cell Gene Expression}, volume={175}, url={http://dx.doi.org/10.1016/j.cell.2018.10.022}, DOI={10.1016/j.cell.2018.10.022}, number={6}, journal={Cell}, publisher={Elsevier BV}, author={Schmiedel, Benjamin J. and Singh, Divya and Madrigal, Ariel and Valdovino-Gonzalez, Alan G. and White, Brandie M. and Zapardiel-Gonzalo, Jose and Ha, Brendan and Altay, Gokmen and Greenbaum, Jason A. and McVicker, Graham and Seumois, Grégory and Rao, Anjana and Kronenberg, Mitchell and Peters, Bjoern and Vijayanand, Pandurangan}, year={2018}, month={Nov}, pages={1701-1715.e16}}
@article{Serbina2006Monocyte, title={Monocyte emigration from bone marrow during bacterial infection requires signals mediated by chemokine receptor CCR2}, volume={7}, url={http://dx.doi.org/10.1038/ni1309}, DOI={10.1038/ni1309}, number={3}, journal={Nature Immunology}, publisher={Springer Science and Business Media LLC}, author={Serbina, Natalya V and Pamer, Eric G}, year={2006}, month={Feb}, pages={311–317}}
@article{Stuart2019Comprehensive, title={Comprehensive Integration of Single-Cell Data}, volume={177}, url={http://dx.doi.org/10.1016/j.cell.2019.05.031}, DOI={10.1016/j.cell.2019.05.031}, number={7}, journal={Cell}, publisher={Elsevier BV}, author={Stuart, Tim and Butler, Andrew and Hoffman, Paul and Hafemeister, Christoph and Papalexi, Efthymia and Mauck, William M. and Hao, Yuhan and Stoeckius, Marlon and Smibert, Peter and Satija, Rahul}, year={2019}, month={Jun}, pages={1888-1902.e21}}
@article{Vanderheiden2021CCR2, title={CCR2 Signaling Restricts SARS-CoV-2 Infection}, volume={12}, url={http://dx.doi.org/10.1128/mBio.02749-21}, DOI={10.1128/mbio.02749-21}, number={6}, journal={mBio}, publisher={American Society for Microbiology}, author={Vanderheiden, Abigail and Thomas, Jeronay and Soung, Allison L. and Davis-Gardner, Meredith E. and Floyd, Katharine and Jin, Fengzhi and Cowan, David A. and Pellegrini, Kathryn and Creanga, Adrian and Pegu, Amarendra and Derrien-Colemyn, Alexandrine and Shi, Pei-Yong and Grakoui, Arash and Klein, Robyn S. and Bosinger, Steven E. and Kohlmeier, Jacob E. and Menachery, Vineet D. and Suthar, Mehul S.}, editor={Schultz-Cherry, Stacey}, year={2021}, month={Dec}}
@article{Verity2020Estimates, title={Estimates of the severity of coronavirus disease 2019: a model-based analysis}, volume={20}, url={http://dx.doi.org/10.1016/S1473-3099(20)30243-7}, DOI={10.1016/s1473-3099(20)30243-7}, number={6}, journal={The Lancet Infectious Diseases}, publisher={Elsevier BV}, author={Verity, Robert and Okell, Lucy C and Dorigatti, Ilaria and Winskill, Peter and Whittaker, Charles and Imai, Natsuko and Cuomo-Dannenburg, Gina and Thompson, Hayley and Walker, Patrick G T and Fu, Han and Dighe, Amy and Griffin, Jamie T and Baguelin, Marc and Bhatia, Sangeeta and Boonyasiri, Adhiratha and Cori, Anne and Cucunubá, Zulma and FitzJohn, Rich and Gaythorpe, Katy and Green, Will and Hamlet, Arran and Hinsley, Wes and Laydon, Daniel and Nedjati-Gilani, Gemma and Riley, Steven and van Elsland, Sabine and Volz, Erik and Wang, Haowei and Wang, Yuanrong and Xi, Xiaoyue and Donnelly, Christl A and Ghani, Azra C and Ferguson, Neil M}, year={2020}, month={Jun}, pages={669–677}}
@article{Webb2020Clinical, title={Clinical criteria for COVID-19-associated hyperinflammatory syndrome: a cohort study}, volume={2}, url={http://dx.doi.org/10.1016/S2665-9913(20)30343-X}, DOI={10.1016/s2665-9913(20)30343-x}, number={12}, journal={The Lancet Rheumatology}, publisher={Elsevier BV}, author={Webb, Brandon J and Peltan, Ithan D and Jensen, Paul and Hoda, Daanish and Hunter, Bradley and Silver, Aaron and Starr, Nathan and Buckel, Whitney and Grisel, Nancy and Hummel, Erika and Snow, Gregory and Morris, Dave and Stenehjem, Eddie and Srivastava, Rajendu and Brown, Samuel M}, year={2020}, month={Dec}, pages={e754–e763}}
@article{Weirauch2014Determination, title={Determination and Inference of Eukaryotic Transcription Factor Sequence Specificity}, volume={158}, url={http://dx.doi.org/10.1016/j.cell.2014.08.009}, DOI={10.1016/j.cell.2014.08.009}, number={6}, journal={Cell}, publisher={Elsevier BV}, author={Weirauch, Matthew T. and Yang, Ally and Albu, Mihai and Cote, Atina G. and Montenegro-Montero, Alejandro and Drewe, Philipp and Najafabadi, Hamed S. and Lambert, Samuel A. and Mann, Ishminder and Cook, Kate and Zheng, Hong and Goity, Alejandra and van Bakel, Harm and Lozano, Jean-Claude and Galli, Mary and Lewsey, Mathew G. and Huang, Eryong and Mukherjee, Tuhin and Chen, Xiaoting and Reece-Hoyes, John S. and Govindarajan, Sridhar and Shaulsky, Gad and Walhout, Albertha J.M. and Bouget, François-Yves and Ratsch, Gunnar and Larrondo, Luis F. and Ecker, Joseph R. and Hughes, Timothy R.}, year={2014}, month={Sep}, pages={1431–1443}}
@article{Wendisch2021SARS, title={SARS-CoV-2 infection triggers profibrotic macrophage responses and lung fibrosis}, volume={184}, url={http://dx.doi.org/10.1016/j.cell.2021.11.033}, DOI={10.1016/j.cell.2021.11.033}, number={26}, journal={Cell}, publisher={Elsevier BV}, author={Wendisch, Daniel and Dietrich, Oliver and Mari, Tommaso and von Stillfried, Saskia and Ibarra, Ignacio L. and Mittermaier, Mirja and Mache, Christin and Chua, Robert Lorenz and Knoll, Rainer and Timm, Sara and Brumhard, Sophia and Krammer, Tobias and Zauber, Henrik and Hiller, Anna Luisa and Pascual-Reguant, Anna and Mothes, Ronja and Bülow, Roman David and Schulze, Jessica and Leipold, Alexander M. and Djudjaj, Sonja and Erhard, Florian and Geffers, Robert and Pott, Fabian and Kazmierski, Julia and Radke, Josefine and Pergantis, Panagiotis and Baßler, Kevin and Conrad, Claudia and Aschenbrenner, Anna C. and Sawitzki, Birgit and Landthaler, Markus and Wyler, Emanuel and Horst, David and Hippenstiel, Stefan and Hocke, Andreas and Heppner, Frank L. and Uhrig, Alexander and Garcia, Carmen and Machleidt, Felix and Herold, Susanne and Elezkurtaj, Sefer and Thibeault, Charlotte and Witzenrath, Martin and Cochain, Clément and Suttorp, Norbert and Drosten, Christian and Goffinet, Christine and Kurth, Florian and Schultze, Joachim L. and Radbruch, Helena and Ochs, Matthias and Eils, Roland and Müller-Redetzky, Holger and Hauser, Anja E. and Luecken, Malte D. and Theis, Fabian J. and Conrad, Christian and Wolff, Thorsten and Boor, Peter and Selbach, Matthias and Saliba, Antoine-Emmanuel and Sander, Leif Erik}, year={2021}, month={Dec}, pages={6243-6261.e27}}
@article{Wu2020A, title={A new coronavirus associated with human respiratory disease in China}, volume={579}, url={http://dx.doi.org/10.1038/s41586-020-2008-3}, DOI={10.1038/s41586-020-2008-3}, number={7798}, journal={Nature}, publisher={Springer Science and Business Media LLC}, author={Wu, Fan and Zhao, Su and Yu, Bin and Chen, Yan-Mei and Wang, Wen and Song, Zhi-Gang and Hu, Yi and Tao, Zhao-Wu and Tian, Jun-Hua and Pei, Yuan-Yuan and Yuan, Ming-Li and Zhang, Yu-Ling and Dai, Fa-Hui and Liu, Yi and Wang, Qi-Min and Zheng, Jiao-Jiao and Xu, Lin and Holmes, Edward C. and Zhang, Yong-Zhen}, year={2020}, month={Feb}, pages={265–269}}
@article{Yang2021Long, title={Long Noncoding RNAs as Emerging Regulators of COVID-19}, volume={12}, url={http://dx.doi.org/10.3389/fimmu.2021.700184}, DOI={10.3389/fimmu.2021.700184}, journal={Frontiers in Immunology}, publisher={Frontiers Media SA}, author={Yang, Qinzhi and Lin, Fang and Wang, Yanan and Zeng, Min and Luo, Mao}, year={2021}, month={Aug}}
@article{You2021Single, title={Single-cell epigenomic landscape of peripheral immune cells reveals establishment of trained immunity in individuals convalescing from COVID-19}, volume={23}, url={http://dx.doi.org/10.1038/s41556-021-00690-1}, DOI={10.1038/s41556-021-00690-1}, number={6}, journal={Nature Cell Biology}, publisher={Springer Science and Business Media LLC}, author={You, Maojun and Chen, Liang and Zhang, Dawei and Zhao, Peng and Chen, Zhu and Qin, En-Qiang and Gao, Yanan and Davis, Mark M. and Yang, Pengyuan}, year={2021}, month={Jun}, pages={620–630}}
@article{Zhang2008Model, title={Model-based Analysis of ChIP-Seq (MACS)}, volume={9}, url={http://dx.doi.org/10.1186/gb-2008-9-9-r137}, DOI={10.1186/gb-2008-9-9-r137}, number={9}, journal={Genome Biology}, publisher={Springer Science and Business Media LLC}, author={Zhang, Yong and Liu, Tao and Meyer, Clifford A and Eeckhoute, Jérôme and Johnson, David S and Bernstein, Bradley E and Nusbaum, Chad and Myers, Richard M and Brown, Myles and Li, Wei and Liu, X Shirley}, year={2008}, month={Sep}}
@article{Zhou2020Heightened, title={Heightened Innate Immune Responses in the Respiratory Tract of COVID-19 Patients}, volume={27}, url={http://dx.doi.org/10.1016/j.chom.2020.04.017}, DOI={10.1016/j.chom.2020.04.017}, number={6}, journal={Cell Host \& Microbe}, publisher={Elsevier BV}, author={Zhou, Zhuo and Ren, Lili and Zhang, Li and Zhong, Jiaxin and Xiao, Yan and Jia, Zhilong and Guo, Li and Yang, Jing and Wang, Chun and Jiang, Shuai and Yang, Donghong and Zhang, Guoliang and Li, Hongru and Chen, Fuhui and Xu, Yu and Chen, Mingwei and Gao, Zhancheng and Yang, Jian and Dong, Jie and Liu, Bo and Zhang, Xiannian and Wang, Weidong and He, Kunlun and Jin, Qi and Li, Mingkun and Wang, Jianwei}, year={2020}, month={Jun}, pages={883-890.e2}}
@article{van2015WASP, title={WASP: allele-specific software for robust molecular quantitative trait locus discovery}, volume={12}, url={http://dx.doi.org/10.1038/nmeth.3582}, DOI={10.1038/nmeth.3582}, number={11}, journal={Nature Methods}, publisher={Springer Science and Business Media LLC}, author={van de Geijn, Bryce and McVicker, Graham and Gilad, Yoav and Pritchard, Jonathan K}, year={2015}, month={Sep}, pages={1061–1063}}
@article{Krämer2021Early, title={Early IFN-$\alpha$ signatures and persistent dysfunction are distinguishing features of NK cells in severe COVID-19}, volume={54}, url={http://dx.doi.org/10.1016/j.immuni.2021.09.002}, DOI={10.1016/j.immuni.2021.09.002}, number={11}, journal={Immunity}, publisher={Elsevier BV}, author={Krämer, Benjamin and Knoll, Rainer and Bonaguro, Lorenzo and ToVinh, Michael and Raabe, Jan and Astaburuaga-García, Rosario and Schulte-Schrepping, Jonas and Kaiser, Kim Melanie and Rieke, Gereon J. and Bischoff, Jenny and Monin, Malte B. and Hoffmeister, Christoph and Schlabe, Stefan and De Domenico, Elena and Reusch, Nico and Händler, Kristian and Reynolds, Gary and Blüthgen, Nils and Hack, Gudrun and Finnemann, Claudia and Nischalke, Hans D. and Strassburg, Christian P. and Stephenson, Emily and Su, Yapeng and Gardner, Louis and Yuan, Dan and Chen, Daniel and Goldman, Jason and Rosenstiel, Philipp and Schmidt, Susanne V. and Latz, Eicke and Hrusovsky, Kevin and Ball, Andrew J. and Johnson, Joe M. and Koenig, Paul-Albert and Schmidt, Florian I. and Haniffa, Muzlifah and Heath, James R. and Kümmerer, Beate M. and Keitel, Verena and Jensen, Björn and Stubbemann, Paula and Kurth, Florian and Sander, Leif E. and Sawitzki, Birgit and Aschenbrenner, Anna C. and Schultze, Joachim L. and Nattermann, Jacob and Altmüller, Janine and Angelov, Angel and Aschenbrenner, Anna C. and Bals, Robert and Bartholomäus, Alexander and Becker, Anke and Becker, Matthias and Bezdan, Daniela and Bitzer, Michael and Blumert, Conny and Bonifacio, Ezio and Bork, Peer and Boyke, Bunk and Blum, Helmut and Casadei, Nicolas and Clavel, Thomas and Colome-Tatche, Maria and Cornberg, Markus and De La Rosa Velázquez, Inti Alberto and Diefenbach, Andreas and Dilthey, Alexander and Fischer, Nicole and Förstner, Konrad and Franzenburg, Sören and Frick, Julia-Stefanie and Gabernet, Gisela and Gagneur, Julien and Ganzenmueller, Tina and Gauder, Marie and Geißert, Janina and Goesmann, Alexander and Göpel, Siri and Grundhoff, Adam and Grundmann, Hajo and Hain, Torsten and Hanses, Frank and Hehr, Ute and Heimbach, André and Hoeper, Marius and Horn, Friedemann and Hübschmann, Daniel and Hummel, Michael and Iftner, Thomas and Iftner, Angelika and Illig, Thomas and Janssen, Stefan and Kalinowski, Jörn and Kallies, René and Kehr, Birte and Keller, Andreas and Keppler, Oliver T. and Kim-Hellmuth, Sarah and Klein, Christoph and Knop, Michael and Kohlbacher, Oliver and Köhrer, Karl and Korbel, Jan and Kremsner, Peter G. and Kühnert, Denise and Kurth, Ingo and Landthaler, Markus and Li, Yang and Ludwig, Kerstin U. and Makarewicz, Oliwia and Marini, Federico and Marz, Manja and McHardy, Alice C. and Mertes, Christian and Münchhoff, Maximilian and Nahnsen, Sven and Nöthen, Markus and Ntoumi, Francine and Nürnberg, Peter and Ossowski, Stephan and Overmann, Jörg and Peter, Silke and Pfeffer, Klaus and Pink, Isabell and Poetsch, Anna R. and Protzer, Ulrike and Pühler, Alfred and Rajewsky, Nikolaus and Ralser, Markus and Reiche, Kristin and Rieß, Olaf and Ripke, Stephan and Nunes da Rocha, Ulisses and Rosenstiel, Philip and Saliba, Antoine-Emmanuel and Sander, Leif Erik and Sawitzki, Birgit and Scheithauer, Simone and Schiffer, Philipp and Schmid-Burgk, Jonathan and Schneider, Wulf and Schulte, Eva-Christina and Schultze, Joachim L. and Sczyrba, Alexander and Sharaf, Mariam L. and Singh, Yogesh and Sonnabend, Michael and Stegle, Oliver and Stoye, Jens and Theis, Fabian and Ulas, Thomas and Vehreschild, Janne and Velavan, Thirumalaisamy P. and Vogel, Jörg and Volland, Sonja and von Kleist, Max and Walker, Andreas and Walter, Jörn and Wieczorek, Dagmar and Winkler, Sylke and Ziebuhr, John}, year={2021}, month={Nov}, pages={2650-2669.e14}}

@Comment{jabref-meta: databaseType:bibtex;}
